=LDR  02657cam a2200577Ii 4500
=001  on1004630246
=003  OCoLC
=005  20190305073903.0
=008  170924s1925\\\\sy\\\\\\\b\\\\000\0\ara\c
=040  \\$aMEAUC$beng$erda$cMEAUC$dMEAUC$dOCLCF$dOCLCA
=035  \\$a(OCoLC)1004630246
=043  \\$ama-----$aa-sy---$aa-is---$aawba---$aawgz---$aa-iq---$aa-tu---$aaw-----
=090  \\$aDS63$b.W312 1925
=049  \\$aZYUU
=100  1\$6880-01$aWakehurst, John de Vere Loder,$cBaron,$d1895-$eauthor.
=240  10$aTruth about Mesopotamia, Palestine & Syria.$lArabic
=245  13$6880-02$aal-Qawl al-ḥaqq fī tārīkh Sūrīyah wa-Filasṭīn wa-al-ʻIrāq /$cli-muʼallifihi J. Dī F. Lūdar ; wa-muʻarribihi Nazīh al-Muʼayyad al-ʻAẓm B. ʻ.
=264  \1$6880-03$aDimashq :$bṬubiʻa bi-al-Maṭbaʻah al-Ḥadīthah,$c1343 wa-1925.
=300  \\$a256 pages ;$c24 cm
=336  \\$atext$btxt$2rdacontent
=337  \\$aunmediated$bn$2rdamedia
=338  \\$avolume$bnc$2rdacarrier
=500  \\$aTranslation of: The Truth about Mesopotamia, Palestine & Syria.
=504  \\$aIncludes bibliographical references.
=611  27$aWorld War (1914-1918)$2fast$0(OCoLC)fst01180746
=650  \0$aArabs.
=651  \0$aArab countries$xHistory.
=651  \0$aSyria$xHistory.
=651  \0$aPalestine$xHistory.
=651  \0$aIraq$xHistory.
=650  \0$aWorld War, 1914-1918$xTerritorial questions$zTurkey.
=650  \0$aZionism.
=651  \0$aMiddle East$xPolitics and government.
=650  \7$aArabs.$2fast$0(OCoLC)fst00812576
=650  \7$aPolitics and government.$2fast$0(OCoLC)fst01919741
=650  \7$aZionism.$2fast$0(OCoLC)fst01184468
=651  \7$aArab countries.$2fast$0(OCoLC)fst01240128
=651  \7$aIraq.$2fast$0(OCoLC)fst01205757
=651  \7$aMiddle East.$2fast$0(OCoLC)fst01241586
=651  \7$aMiddle East$zPalestine.$2fast$0(OCoLC)fst01207534
=651  \7$aSyria.$2fast$0(OCoLC)fst01208757
=651  \7$aTurkey.$2fast$0(OCoLC)fst01208963
=648  \7$a1914-1918$2fast
=655  \7$aHistory.$2fast$0(OCoLC)fst01411628
=700  1\$6880-04$aʻAẓm, Nazīh Muʼayyad,$etranslator.
=880  1\$6100-01/r$aج. دي ف. لودر،$cبارون،$d1895-$eauthor.
=880  12$6245-02/r$aالقول الحق في تاريخ سورية وفلسطين والعراق /$cلمؤلفه ج. دي ف. لودر ؛ ومعربه نزيه المؤيد العظم ب. ع.
=880  \1$6264-03/r$aدمشق :$bطبع بالمطبعة الحديثة،$c1343 و1925.
=880  1\$6700-04/r$aعظم، نزيه مؤيد.
=999  \\$iUaCaAUL_b13063133$o(OCoLC)on1004630246$sauc_aco000463$e(ERROR-880)
=994  \\$aC0$bZYU

