=LDR  01352cam a2200361Ii 4500
=001  ocm83819666\
=003  OCoLC
=005  20190305074030.0
=008  960318s1936\\\\ua\a\\\\\b\\\\000\0\ara\\
=010  \\$a  74237251 
=040  \\$aDLC$beng$cHLS$dSTF$dOCLCF$dOCLCO$dOCLCQ$dMEAUC
=035  \\$a(OCoLC)83819666
=043  \\$af-sj---
=050  \4$aDT121$b.A135
=049  \\$aZYUU
=100  1\$6880-01$aʻAbduh, Ibrāhīm,$eauthor.
=245  10$6880-02$aFī al-Sūdān /$cIbrāhīm ʻAbduh.
=264  \1$6880-03$aal-Qāhirah :$bDār Majallatī lil-Ṭabʻ wa-al-Nashr,$c[1936]
=300  \\$a246 pages, 8 unnumbered leaves of plates :$billustrations ;$c20 cm
=336  \\$atext$btxt$2rdacontent
=337  \\$aunmediated$bn$2rdamedia
=338  \\$avolume$bnc$2rdacarrier
=504  \\$aIncludes bibliographical references.
=651  \0$aSudan$xDescription and travel.
=651  \0$aSudan$xHistory.
=650  \7$aTravel.$2fast$0(OCoLC)fst01155558
=651  \7$aSudan.$2fast$0(OCoLC)fst01204591
=655  \7$aHistory.$2fast$0(OCoLC)fst01411628
=880  1\$6100-01$aعبده، إبراهيم.
=880  10$6245-02$aفي السودان /$cإبراهيم عبده.
=880  \1$6264-03$aالقاهرة :$bدار مجلتي للطبع والنشر،$c[1936]
=999  \\$iUaCaAUL_b12908010$o(OCoLC)ocm83819666$sauc_aco000428
=994  \\$aC0$bZYU

