=LDR  02173cam a2200385Ii 4500
=001  ocn122812111
=003  OCoLC
=005  20190305074030.0
=008  041201s1929\\\\ua\b\\\\\b\\\\000\0\ara\d
=040  \\$aEG-CaAUA$beng$erda$cMEAUC$dOCL$dOCLCF$dOCLCO$dMEAUC$dOCLCQ$dOCL$dOCLCQ$dMEAUC$dOCLCO
=035  \\$a(OCoLC)122812111
=090  \\$aD531$b.M312x 1929
=049  \\$aZYUU
=100  1\$6880-01$aMaurice, Frederick,$cSir,$d1871-1951,$eauthor.
=245  10$6880-02$aArbaʻūn Yawman Min ʻĀm 1914 :$bqiṭʻah tārīkhiyah min al-māʼsāh al-ʻālamīyah al-kubrá /$cwaḍaʻahu bil-injilīziyah mījur jinirāl F Maurice, naqalahu ilá al-ʻarabīyah Muḥammad ʻAbd al-Fattāḥ Ibrāhīm.
=264  \1$6880-03$aMiṣr :$bQāmat bi-ṭabʻihi wa-nashrihi Maktabat al-Khānjī,$c11348 H - 1929 M.
=264  \3$6880-04$aMiṣr :$bMaṭbaʻat al-Saʻādah bi-jiwār Muḥāfaẓat Miṣr.
=300  \\$a228 pages :$bmaps ;$c23 cm
=336  \\$atext$btxt$2rdacontent
=337  \\$aunmediated$bn$2rdamedia
=338  \\$avolume$bnc$2rdacarrier
=500  \\$aIncludes Errata pages.
=504  \\$aIncludes bibliographical references.
=650  \0$aWorld War, 1914-1918$xPersonal narratives, German.
=611  27$aWorld War (1914-1918)$2fast$0(OCoLC)fst01180746
=648  \7$a1914-1918$2fast
=655  \7$aPersonal narratives$vGerman.$2fast$0(OCoLC)fst01424113
=700  1\$6880-05$aIbrāhīm, Muḥammad ʻAbd al-Fattāḥ,$etranslator.
=880  1\$6100-01/r$aموريس, فريدريك.
=880  10$6245-02/r$aأربعون يوما من عام 1914 :$bقطعة تاريخية من المأساة العالمية الكبرى  /$cوضعه بالانجليزية ميجر جنرال ف مر، نقله إلى العربية محمد عبد الفتاح إبراهيم.
=880  \1$6264-03/r$aمصر :$bقامت بطبعه ونشره مكتبة الخانجي،$c11348 هـ - 1929 م.
=880  \3$6264-04/r$aمصر :$bمطبعة السعادة بجوار محافظة مصر.
=880  1\$6700-05/r$aإبراهيم، محمد عبد الفتاح.
=999  \\$iUaCaAUL_b13189153$o(OCoLC)ocn122812111$sauc_aco000222
=994  \\$aC0$bZYU

