=LDR  01837cam a2200421Ii 4500
=001  ocm12652590\
=003  OCoLC
=005  20190305074030.0
=008  851009s1926\\\\ua\\\\\\\b\\\\000\0\ara\d
=040  \\$aCLU$beng$erda$cCLU$dOCLCQ$dOCLCF$dOCLCQ$dOCLCO$dMEAUC
=019  \\$a863547329
=035  \\$a(OCoLC)12652590$z(OCoLC)863547329
=043  \\$af-ua---
=050  \4$aHN783.5$b.N141 1926
=049  \\$aZYUU
=100  1\$6880-01$aNaḥḥās, Yūsuf,$eauthor.
=245  13$6880-02$aal-Fallāḥ :$bḥālatuhu al-iqtiṣādīyah wa-al-ijtimāʻīyah /$cbi-qalam Yūsuf Naḥḥās.
=264  \1$6880-03$a[Cairo] :$bʻUniyá bi-Nashrihi wa-Ṭabʻihi Khalīl Muṭrān,$c1926.
=264  \3$6880-04$aMiṣr :$bṬubiʻa bi-Maṭbaʻat al-Muqtaṭaf wa-al-Muqaṭṭam bi-Miṣr.
=300  \\$a18, 158 pages ;$c24 cm.
=336  \\$atext$btxt$2rdacontent
=337  \\$aunmediated$bn$2rdamedia
=338  \\$avolume$bnc$2rdacarrier
=500  \\$aIncludes Errata page.
=504  \\$aIncludes bibliographical references.
=650  \0$aVillages$zEgypt.
=650  \0$aSociology, Rural$zEgypt.
=650  \0$aAgriculture$xEconomic aspects$zEgypt.
=650  \7$aAgriculture$xEconomic aspects.$2fast$0(OCoLC)fst00801415
=650  \7$aSociology, Rural.$2fast$0(OCoLC)fst01123947
=650  \7$aVillages.$2fast$0(OCoLC)fst01166969
=651  \7$aEgypt.$2fast$0(OCoLC)fst01208755
=880  1\$6100-01/r$aنحاس، يوسف.
=880  12$6245-02/r$aالفلاح :$bحالته الاقتصادية والاجتماعية /$cبقلم يوسف نحاس.
=880  \1$6264-03/r$a[Cairo] :$bعنى بنشره وطبعه خليل مطران،$c1926.
=880  \3$6264-04/r$aمصر :$bطبع بمطبعة المقتطف والمقطم بمصر.
=999  \\$iUaCaAUL_b1210307x$o(OCoLC)ocm12652590$sauc_aco000553
=994  \\$aC0$bZYU

