=LDR  02562cam a2200457Mi 4500
=001  ocn318941271
=003  OCoLC
=005  20190305074030.0
=008  021016s1934\\\\ua\abcf\\b\\\\001\0\ara\d
=040  \\$aMEAUC$beng$erda$cMEAUC$dOCLCF$dOCLCO$dOCLCQ$dOCL$dMEAUC
=035  \\$a(OCoLC)318941271
=043  \\$af-ua---
=050  \4$aDT100$b.Y612 1934
=049  \\$aZYUU
=100  1\$6880-01$aYoung, George,$d1872-1952.
=245  10$6880-02$aTārīkh Miṣr min ʻahd al-Mamālīk ilá nihāyat ḥukm Ismāʻīl /$ctaʼlīf al-mistir Jūrj Yānj ; tʻarīb ʻAlī Aḥmad Shukrī.
=246  14$6880-03$aMiṣr min ʻahd al-Mamālīk ilá nihāyat ḥukm Ismāʻīl
=264  \1$6880-04$aMiṣr :$bal-Maṭbaʻah al-Raḥmānīyah bi-Miṣr,$c1934.
=300  \\$a608 pages, 6 unnumbered leaves of plates :$billustrations, maps, portraits ;$c24 cm
=336  \\$atext$btxt$2rdacontent
=337  \\$aunmediated$bn$2rdamedia
=338  \\$avolume$bnc$2rdacarrier
=500  \\$aIntroduction dated 1934.
=504  \\$aIncludes bibliographical references (pages 607-608) and index.
=500  \\$6880-05$aWa-bi-hāmish al-kitāb aham mā waqaʻa mina al-aḥdāth fī Miṣr ilá nihāyat ḥukm Ismāʻīl Bāshā maqrūnah bi-al-ṣuwar min sanat 1760-1880.
=500  \\$6880-06$aCover title: Miṣr min ʻahd al-Mamālīk ilá nihāyat ḥukm Ismāʻīl.
=651  \0$aEgypt$xHistory$y1517-1882.
=651  \7$aEgypt.$2fast$0(OCoLC)fst01208755
=648  \7$a1517-1882$2fast
=655  \7$aHistory.$2fast$0(OCoLC)fst01411628
=700  1\$6880-07$aShukrī, ʻAlī Aḥmad.
=730  0\$aEgypt.$lArabic.
=880  1\$6100-01/r$aيانج، جورج،$d1872-1952. 
=880  10$6245-02/r$aتاريخ مصر من عهد المماليك إلى نهاية حكم إسماعيل /$cتأليف المستر جورج يانج ؛ تعريب علي أحمد شكري.
=880  14$6246-03/r$aمصر من عهد المماليك الى نهاية حكم إسماعيل
=880  \1$6264-04/r$aمصر :$bالمطبعة الرحمانية بمصر،$c1934.
=880  \\$6500-05/r$aوبهامش الكتاب أهم ما وقع من الأحداث في مصر إلى نهاية حكم إسماعيل باشا مقرونة بالصور من سنة 1760-1880.
=880  \\$6500-06/r$aCover title: مصر من عهد المماليك الى نهاية حكم اسماعيل.
=880  1\$6700-07/r$aشكرى، على أحمد.
=999  \\$iUaCaAUL_b12873974$o(OCoLC)ocn318941271$sauc_aco000355$e(ERROR-880)
=994  \\$aC0$bZYU

