=LDR  02121cam a2200397Mi 4500
=001  ocm43408219\
=003  OCoLC
=005  20190305074030.0
=008  961018s1955\\\\ua\\\\\\\\\\\\000\0\ara\\
=010  \\$a   62164500 
=040  \\$aDLC$beng$erda$cEQO$dOCLCQ$dOCLCG$dLGG$dOCLCF$dOCLCO$dOCL$dOCLCO$dOCLCQ$dMEAUC
=035  \\$a(OCoLC)43408219
=043  \\$aff-----
=050  \4$aDT204$b.F33 1955
=049  \\$aZYUU
=100  1\$6880-01$aFāsī, ʻAllāl,$d1910-1974.
=245  10$6880-02$aMuḥāḍarāt fī al-Maghrib al-ʻArabī mundhu al-Ḥarb al-ʻĀlamīyah al-Ūlá /$calqāhā al-ustādh ʻAllāl al-Fāsī ʻalá ṭalabat qism al-dirāsāt al-tārīkhīyah wa-al-jughrāfīyah, 1955.
=246  30$6880-03$aMaghrib al-ʻArabī mundhu al-Ḥarb al-ʻĀlamīyah al-Ūlá
=264  \1$6880-04$a[Cairo] :$bJāmiʻat al-Duwal al-ʻArabīyah, Maʻhad al-Dirāsāt al-ʻArabīyah al-ʻĀlīyah,$c1955.
=264  \3$6880-05$a[Cairo] :$bMaṭbaʻat Nahḍat Miṣr.
=300  \\$a197 pages ;$c24 cm
=336  \\$atext$btxt$2rdacontent
=337  \\$aunmediated$bn$2rdamedia
=338  \\$avolume$bnc$2rdacarrier
=651  \0$aAfrica, North$xPolitics and government.
=651  \0$aAfrica, North$xHistory.
=650  \7$aPolitics and government$2fast$0(OCoLC)fst01919741
=651  \7$aAfrica, North.$2fast$0(OCoLC)fst01239515
=655  \7$aHistory.$2fast$0(OCoLC)fst01411628
=880  1\$6100-01/r$aفاسي، علال،$d1910-1974.
=880  10$6245-02/r$aمحاضرات في المغرب العربي منذ الحرب العالمية الأولى /$cألقاها الأستاذ علال الفاسي على طلبة قسم الدراسات التاريخية والجغرافية، 1955.
=880  30$6246-03/r$aمغرب العربي منذ الحرب العالمية الأولى
=880  \1$6264-04/r$a[Cairo] :$bجامعة الدول العربية، معهد الدراسات العربية العالية،$c1955.
=880  \3$6264-05/r$a[Cairo] :$bمطبعة نهضة مصر.
=999  \\$iUaCaAUL_b12936996$o(OCoLC)ocm43408219$sauc_aco000426
=994  \\$aC0$bZYU

