=LDR  02841cam a2200517Ii 4500
=001  ocm23516397\
=003  OCoLC
=005  20190305074030.0
=008  870518s1947\\\\ua\c\\\\\\\\\\000\0\ara\d
=040  \\$aEYM$beng$erda$cEYM$dOCL$dOSU$dOCLCQ$dOCLCF$dOCLCQ$dOCLCO$dMEAUC
=019  \\$a66895497
=035  \\$a(OCoLC)23516397$z(OCoLC)66895497
=050  \4$aD198.3$b.I15 1947
=049  \\$aZYUU
=100  1\$6880-01$aIbrāshī, Muḥammad ʻAṭīyah,$eauthor.
=245  10$6880-02$aAbṭāl al-sharq :$bṢalāḥ al-Dīn al-Ayyūbī, Muḥammad Farīd, Saʻd Zaghlūl /$ctaʼlīf Muḥammad ʻAṭīyah al-Ibrāshī, khirrīj Jāmiʻatay Ikstrā wa-Landan wa-al-murāqib al-ʻām al-musāʻid bi-Wizārat al-Maʻārif.
=250  \\$6880-03$aal-Ṭabʻah al-ūlá.
=264  \1$6880-04$aal-Qāhirah :$bMaṭbaʻat Lajnat al-Taʼlīf wa-al-Tarjamah wa-al-Nashr,$c1947 M, 1366 H.
=300  \\$a177 pages :$bportraits ;$c20 cm
=336  \\$atext$btxt$2rdacontent
=337  \\$aunmediated$bn$2rdamedia
=338  \\$avolume$bnc$2rdacarrier
=500  \\$6880-05$aAt head of title page: Lajnat al-bayān al-ʻArabī.
=500  \\$6880-06$aḤuqūq al-ṭabʻ maḥfūẓah lil-muʼallif.
=600  00$6880-07$aSaladin,$cSultan of Egypt and Syria,$d1137-1193.
=600  00$6880-08$aMuḥammad Farīd,$d1868-1919.
=600  10$6880-09$aZaghlūl, Saʻd,$d1857-1927.
=600  07$aMuḥammad Farīd,$d1868-1919.$2fast$0(OCoLC)fst00088856
=600  07$aSaladin,$cSultan of Egypt and Syria,$d1137-1193.$2fast$0(OCoLC)fst00103416
=600  17$aZaghlūl, Saʻd,$d1857-1927.$2fast$0(OCoLC)fst00117962
=651  \0$aEgypt$vBiography.
=650  \0$aArabs$vBiography.
=650  \7$aArabs.$2fast$0(OCoLC)fst00812576
=651  \7$aEgypt.$2fast$0(OCoLC)fst01208755
=655  \7$aBiography.$2fast$0(OCoLC)fst01423686
=880  1\$6100-01/r$aإبراشي، محمد عطية.
=880  10$6245-02/r$aأبطال الشرق :$bصلاح الدين الأيوبي، محمد فريد، سعد زغلول /$cتأليف محمد عطية الإبراشي، خريج جامعتي إكسترا ولندن والمراقب العام المساعد بوزارة المعارف.
=880  \\$6250-03/r$aالطبعة الأولى.
=880  \1$6264-04/r$aالقاهرة :$bمطبعة لجنة التأليف والترجمة والنشر،$c1947 م، 1366 هـ.
=880  \\$6500-05/r$aAt head of title page: لجنة البيان العربي.
=880  \\$6500-06/r$aحقوق الطبع محفوظة للمؤلف.
=880  00$6600-07/r$aصلاح الدين،$cسلطان مصر وسوريا،,$d1137-1193.
=880  00$6600-08/r$aمحمد فريد،$d1868-1919.
=880  10$6600-09/r$aزغلول، سعد،$d1857-1927.
=999  \\$iUaCaAUL_b12505948$o(OCoLC)ocm23516397$sauc_aco000518
=994  \\$aC0$bZYU

