=LDR  02115cam a2200397Ii 4500
=001  ocm22321469\
=003  OCoLC
=005  20190305074030.0
=008  890703m19511953ua\\\\\\\\\\\\000\0bara\d
=040  \\$aPUL$beng$cPUL$dAUM$dCUY$dOCLCG$dOL{dollar}$dOCLCQ$dOCLCF$dOCLCQ$dOCLCO$dOCL$dMEAUC$dOCLCO
=035  \\$a(OCoLC)22321469
=043  \\$af-ua---
=050  \4$aDT107$b.H38 1951
=082  04$a962.05$220
=049  \\$aZYUU
=100  1\$6880-01$aHaykal, Muḥammad Ḥusayn,$d1888-1956,$eauthor.
=245  10$6880-02$aMudhakkirāt fī al-siyāsah al-Miṣrīyah /$cbi-qalam Muḥammad Ḥusayn Haykal.
=264  \1$6880-03$aal-Qāhirah :$bMultazimat al-Ṭabʻ wa-al-Nashr Maktabat al-Nahḍah al-Miṣrīyah,$c1951-1953.
=300  \\$a2 volumes ;$c25 cm
=336  \\$atext$btxt$2rdacontent
=337  \\$aunmediated$bn$2rdamedia
=338  \\$avolume$bnc$2rdacarrier
=500  \\$aIncludes Errata page.
=500  \\$aVolume 2. published 1953.
=505  0\$6880-04$aal-juzʼ al-awwal. Min sanat 1912 ilá sanat 1937 -- al-juzʼ al-thānī. Min 29 Yūlīyah sanat 1937 ilá 26 Yūlīyah sanat 1952.
=651  \0$aEgypt$xPolitics and government$y1882-1952.
=650  \7$aPolitics and government$2fast$0(OCoLC)fst01919741
=651  \7$aEgypt.$2fast$0(OCoLC)fst01208755
=648  \7$a1882-1952$2fast
=776  08$iOnline version:$aHaykal, Muḥammad Ḥusayn, 1888-1956.$tMudhakkirāt fī al-siyāsah al-Miṣrīyah.$dal-Qāhirah : Maktabat al-Nahḍah al-Miṣrīyah, 1951-1953$w(OCoLC)746112412
=880  1\$6100-01/r$aهيكل، محمد حسين،$d1888-1956.
=880  10$6245-02/r$aمذكرات في السياسة المصرية /$cبقلم محمد حسين هيكل.
=880  \1$6264-03/r$aالقاهرة :$bملتزمة الطبع والنشر مكتبة النهضة المصرية،$c1951-1953.
=880  0\$6505-04/r$aالجزء الأول. من سنة 1912 إلى سنة 1937 -- الجزء الثاني. من 29 يولية سنة 1937 إلى 26 يولية سنة 1952.
=999  \\$iUaCaAUL_b12390227$o(OCoLC)ocm22321469$sauc_aco000450:v.1$sauc_aco000451:v.2
=994  \\$aC0$bZYU

