=LDR  02704cam a2200361Ii 4500
=001  ocn123004676
=003  OCoLC
=005  20190305074030.0
=008  990609s1935\\\\ua\\\\\\\\\\\\000\0\ara\d
=040  \\$aMEAUC$beng$erda$cMEAUC$dOCLCG$dOCLCA$dOCLCF$dOCLCO$dOCLCQ$dMEAUC$dOCLCO
=035  \\$a(OCoLC)123004676
=090  \\$aBP189$b.D5 1935
=049  \\$aZYUU
=100  1\$6880-01$aDīrīnī, ʻAbd al-ʻAzīz,$d1215-approximately 1295,$eauthor.
=240  10$6880-02$aṬahārat al-qulūb wa-al-khuḍūʻ li-ʻallām al-ghuyūb fī ʻilm al-taṣawwuf
=245  10$6880-03$aKitāb ṭahārat al-qulūb wa-al-khuḍūʻ li-ʻallām al-ghuyūb :$bfī ʻilm al-taṣawwuf /$cli-Imām al-sālikīn wa-qudwat al-bararah al-ʻārifīn dhī al-futūḥāt al-ghaybīyah wa-fayḍāt al-madanīyah al-ṣamadānīyah ṣāḥib al-mashrab al-ṣāfī al-maʻīnī al-ʻārif bi-Allāh taʻālá sīdī Abd al-ʻAzīz al-Dīrīnī, mattaʻahu dhū al-jalāl wa-al-ikrām bi-mushāhadat wajhihi al-karīm fī dār al-salām.
=250  \\$6880-04$aal-Ṭabʻah al-ūlá.
=264  \1$6880-05$aal-Qāhirah :$bal-Maṭbaʻh al-ʻUthmānīyah al-Miṣrīyah,$c1296 H [1935]
=300  \\$a223 pages ;$c20 cm
=336  \\$atext$btxt$2rdacontent
=337  \\$aunmediated$bn$2rdamedia
=338  \\$avolume$bnc$2rdacarrier
=500  \\$6880-06$aṬubiʻa ʻalá al-nusakh al-Amīrīyah al-maṭbūʻah sanat 1296 Hijrīyah, ṭubiʻa ʻalá nafaqat ʻUthmān Khalīfah.
=650  \0$aSufism.
=650  \7$aSufism.$2fast$0(OCoLC)fst01137257
=880  1\$6100-01$aديريني، عبد العزيز،$d1215-حوالي 1295.
=880  10$6240-02$aطهارة القلوب والخضوع لعلام الغيوب في علم التصوف
=880  10$6245-03$aكتاب طهارة القلوب والخضوع لعلام الغيوب :$bفي علم التصوف /$cلإمام السالكين وقدوة البررة العارفين ذي الفتوحات الغيبية وفيضات المدنية الصمدانية صاحب المشرب الصافي المعيني العارف بالله تعالى سيدي عبد العزيز الديريني، متعه ذو الجلال والإكرام بمشاهدة وجهه الكريم في دار السلام.
=880  \\$6250-04$aالطبعة الأولى.
=880  \1$6264-05$aالقاهرة :$bالمطبعه العثمانية المصرية،$c1296 هـ [1935]
=880  \\$6500-06$aطبع على النسخ الأميرية المطبوعة سنة 1296 هجرية، طبع على نفقة عثمان خليفة.
=999  \\$iUaCaAUL_b12280987$o(OCoLC)ocn123004676$sauc_aco000276
=994  \\$aC0$bZYU

