=LDR  01534cam a2200385Ii 4500
=001  ocm34874954\
=003  OCoLC
=005  20190305074030.0
=008  960605nuuuuuuuuua\abcf\\b\\\\000\0bara\\
=010  \\$ane 68000994 
=040  \\$aDLC$beng$erda$cCLU$dOCLCQ$dOCLCF$dOCLCQ$dOCLCO$dOCL$dMEAUC
=029  1\$aAU@$b000028133809
=035  \\$a(OCoLC)34874954
=043  \\$af-ua---
=050  00$aDT81$b.F3
=049  \\$aZYUU
=100  1\$6880-01$aFaraj, al-Sayyid,$eauthor.
=245  10$6880-02$aḤurūb Muḥammad ʻAlī /$cal-Sayyid Faraj.
=264  \1$6880-03$a[Cairo] :$bMaṭbaʻat al-Tawakkul bi-al-Jamāmīz,$c[date of publication not identified]
=300  \\$a159 pages, 1 unnumbered leaf of color plates :$billustrations, maps, portraits ;$c20 cm
=336  \\$atext$btxt$2rdacontent
=337  \\$aunmediated$bn$2rdamedia
=338  \\$avolume$bnc$2rdacarrier
=504  \\$aIncludes bibliographical references.
=651  \0$aEgypt$xHistory$yMohammed Ali, 1805-1849.
=651  \0$aEgypt$xHistory, Military.
=651  \7$aEgypt.$2fast$0(OCoLC)fst01208755
=648  \7$a1805-1849$2fast
=655  \7$aHistory.$2fast$0(OCoLC)fst01411628
=655  \7$aMilitary history.$2fast$0(OCoLC)fst01411630
=880  1\$6100-01$aفرج، السيد،$eauthor.
=880  10$6245-02$aحروب محمد علي /$cالسيد فرج.
=880  \1$6264-03$a[Cairo] :$bمطبعة التوكل بالجماميز،$c[date of publication not identified]
=999  \\$iUaCaAUL_b12504889$o(OCoLC)ocm34874954$sauc_aco000557
=994  \\$aC0$bZYU

