=LDR  02020cam a22004211i 4500
=001  ocm08804802\
=003  OCoLC
=005  20190305074030.0
=008  820924nuuuuuuuuua\\\\\\\b\\\\000\0bara\\
=010  \\$ane 65000345 
=040  \\$aDLC$beng$erda$cDLC$dWAU$dJPG$dOCLCQ$dOCLCO$dOCLCF$dOCLCQ$dMEAUC$dOCLCQ
=029  1\$aAU@$b000028314130
=035  \\$a(OCoLC)8804802
=042  \\$apremarc
=050  00$aDP107$b.A7
=049  \\$aZYUU
=100  1\$6880-01$aAdʹham, ʻAlī.
=245  10$6880-02$aManṣūr al-Andalus /$cʻAlī Adʹham.
=264  \1$6880-03$a[Cairo] :$bMultazim al-ṭabʻ wa-al-nashr aṣḥāb Dār Iḥyāʼ al-Kutub al-ʻArabīyah ʻĪsá al-Bābī al-Ḥalabī wa-Shurakāh,$c[date of publication not identified]
=300  \\$a4 unnumbered pages, 171 pages ;$c20 cm.
=336  \\$atext$btxt$2rdacontent
=337  \\$aunmediated$bn$2rdamedia
=338  \\$avolume$bnc$2rdacarrier
=490  1\$6880-04$aAʻlām al-Islām
=500  \\$6880-05$aAt head of title page: Lajnat Tarjamat Dāʼirat al-Maʻārif al-Islāmīyah.
=504  \\$aIncludes bibliographical references (pages 3-4 (1st group)).
=600  00$6880-06$aManṣūr ibn Abī ʻĀmir,$d939-1002.
=600  07$aManṣūr ibn Abī ʻĀmir,$d939-1002.$2fast$0(OCoLC)fst00056340
=830  \0$6880-07$aAʻlām al-Islām.
=880  1\$6100-01$aأدهم، على.
=880  10$6245-02$aمنصور الاندلس /$cعلي أدهم.
=880  \1$6264-03$a[Cairo] :$bملتزم الطبع والنشر اصحاب دار احياء الكتب العربية عيسى البابي الحلبي وشركاه،$c[date of publication not identified]
=880  1\$6490-04$aاعلام الاسلام
=880  \\$6500-05$aAt head of title page: لجنة ترجمة دائرة المعارف الاسلامية.
=880  04$6600-06$aمنصور إبن ابي عامر,$d939-1002.
=880  \0$6830-07$aاعلام الاسلام.
=999  \\$iUaCaAUL_b13215334$o(OCoLC)ocm08804802$sauc_aco000513
=994  \\$aC0$bZYU

