=LDR  01583cam a2200373Mi 4500
=001  ocm33857384\
=003  OCoLC
=005  20190305074030.0
=008  910129s1901\\\\ua\abc\\\\\\\\000\0\ara\d
=040  \\$aHLS$beng$erda$cHLS$dOCLCQ$dOCLCF$dOCLCQ$dOCLCO$dMEAUC
=019  \\$a83761603
=035  \\$a(OCoLC)33857384$z(OCoLC)83761603
=043  \\$af-sa---
=050  \4$aDT924$b.A35x 1901
=049  \\$aZYUU
=100  1\$6880-01$aIghyā, Mīshīl.
=245  10$6880-02$aTārīkh al-Taransivāl /$ctaʼlīf Mīshīl Ighyā.
=264  \1$6880-03$aMiṣr :$bṭubiʻ bi-Maṭbaʻat al-Muʼayyid bi-Miṣr,$c1901.
=300  \\$a112 pages :$billustrations, map, portraits ;$c24 cm
=336  \\$atext$btxt$2rdacontent
=337  \\$aunmediated$bn$2rdamedia
=338  \\$avolume$bnc$2rdacarrier
=500  \\$aTitle page has author's stamp and illustrated.
=500  \\$6880-04$aḤuqūq al-ṭabʻ maḥfūẓah.
=651  \0$aTransvaal (South Africa)$xHistory.
=651  \7$aSouth Africa$zTransvaal.$2fast$0(OCoLC)fst01208743
=655  \7$aHistory.$2fast$0(OCoLC)fst01411628
=776  08$iOnline version:$aIghyā, Mīshīl.$tTārīkh al-Taransvāl.$dMiṣr : Maṭbaʻat al-Muʼayyid, 1901$w(OCoLC)780178865
=880  1\$6100-01$aاغيا، ميشيل.
=880  10$6245-02$aتاريخ الترنسڤال /$cتأليف ميشيل اغيا.
=880  \1$6264-03$aمصر :$bطبع بمطبعة المؤيد بمصر،$c1901.
=880  \\$6500-04$aحقوق الطبع محفوظة.
=999  \\$iUaCaAUL_b12513258$o(OCoLC)ocm33857384$sauc_aco000535
=994  \\$aC0$bZYU

