=LDR  01948cam a2200385Mi 4500
=001  ocm84379377\
=003  OCoLC
=005  20190305074030.0
=008  060803s1937\\\\ua\\\\\\\b\\\\001\0\ara\d
=040  \\$aMiU$beng$erda$cN15$dOCLCF$dOCLCO$dOCLCQ$dOCL$dMEAUC
=035  \\$a(OCoLC)84379377
=043  \\$af-ua---
=050  \4$aDT92$b.M48
=050  \4$aDT92$b.M48 1937
=049  \\$aZYUU
=100  1\$6880-01$aMaẓhar, Ismāʻīl.
=245  10$6880-02$aMiṣr fī qayṣarīyat al-Iskandar al-Maqdūnī 332-323 Q.M /$cʻan awthaq al-maṣādir bi-qalam Ismāʻīl Maẓhar, ʻuḍw al-Majmaʻ al-Miṣrī lil-Thaqāfah al-ʻIlmīyah.
=264  \1$6880-03$aal-Qāhirah :$bMaṭbaʻat Lajnat al-taʼlīf wa-al-Tarjamah wa-al-Nashr,$c1937.
=300  \\$a128 pages ;$c24 cm
=336  \\$atext$btxt$2rdacontent
=337  \\$aunmediated$bn$2rdamedia
=338  \\$avolume$bnc$2rdacarrier
=500  \\$6880-04$aṬubiʻa ʻalá nafaqat Maktabat al-Nahḍah al-Miṣrīyah li-aṣḥābihā Ḥasan wa-Yūsuf Muḥammad wa-ikhwatuhumā.
=500  \\$aIncludes errata page.
=504  \\$aIncludes bibliographical references and indexes.
=651  \0$aEgypt$xHistory$y332-30 B.C.
=651  \7$aEgypt.$2fast$0(OCoLC)fst01208755
=648  \7$a332-30 B.C$2fast
=655  \7$aHistory.$2fast$0(OCoLC)fst01411628
=880  1\$6100-01$aمظهر، إسماعيل.
=880  10$6245-02$aمصر في قيصرية الاسكندر المقدوني 332-323 ق.م /$cعن أوثق المصادر بقلم اسماعيل مظهر، عضو المجمع المصري للثقافة العلمية.
=880  \1$6264-03$aالقاهرة :$bمطبعة لجنة التأليف والترجمة والنشر،$c1937.
=880  \\$6500-04$aطبع على نفقة مكتبة النهضة المصرية لاصحابها حسن ويوسف محمد واخوتهما.
=999  \\$iUaCaAUL_b12592936$o(OCoLC)ocm84379377$sauc_aco000547
=994  \\$aC0$bZYU

