=LDR  02571cam a2200421Ii 4500
=001  ocm32427428\
=003  OCoLC
=005  20190305074030.0
=008  950505s1869\\\\ua\\\\\\\\\\\\000\0\arao\
=010  \\$a  59039736 
=040  \\$aDLC$beng$cCUY$dCUY$dCGU$dUUM$dOCLCF$dOCLCQ$dOCLCO$dMEAUC
=019  \\$a234684639
=029  1\$aAU@$b000027687241
=035  \\$a(OCoLC)32427428$z(OCoLC)234684639
=050  04$aPJ7802.I15$bS8 1869
=049  \\$aZYUU
=100  1\$6880-01$aIbn Abī al-Rabīʻ, Aḥmad ibn Muḥammad,$eauthor.
=240  10$6880-02$aSulūk al-Mālik fī tadbīr al-mamālik
=245  10$6880-03$aKitāb sulūk al-mālik fī tadbīr al-mamālik ... /$ctaʼlīf al-ʻallāmah Shihāb al-Dīn Aḥmad ibn Muḥammad ibn Abī al-Rabīʻ.
=246  3\$6880-04$aSulūk al-mālik fī tadbīr al-mamālik
=264  \1$6880-05$a[Cairo] :$bal-Maṭbaʻah al-Khāṣṣah bi-Jamʻīyat al-Maʻārif al-Miṣrīyah,$c1286 H. [1869]
=300  \\$a152, 3 pages ;$c31 cm
=336  \\$atext$btxt$2rdacontent
=337  \\$aunmediated$bn$2rdamedia
=338  \\$avolume$bnc$2rdacarrier
=500  \\$aLithographed.
=500  \\$6880-06$aAllafahu li-al-khalīfah al-Muʻtaṣim bi-Allāh al-ʻAbbāsī kamā dhakarahu fī al-faṣl al-awwal min al-kitāb wa-qad dhakarahu ṣāḥib Kashf al-Ẓunūn.
=650  \0$aIslamic ethics.
=650  \7$aIslamic ethics.$2fast$0(OCoLC)fst00979936
=776  08$iOnline version:$aIbn Abī al-Rabīʻ, Aḥmad ibn Muḥammad.$sSuūk al-Mālik fī tadbīr al-mamālik.$tKitāb sulūk al-mālik fī tadbīr al-mamālik.$d[Cairo : al-Maṭbaʻah al-Khāṣṣah bi-Jamʻīyat al-Maʻārif al-Miṣrīyah, 1286 H. /1869]$w(OCoLC)655074090
=880  1\$6100-01$aبن أبى الربيع، أحمد ابن محمد.
=880  10$6240-02$aكتاب سلوك المالك في تدبير الممالك
=880  10$6245-03$aكتاب سلوك المالك في تدبير الممالك ... /$cتأليف العلامة شهاب الدين أحمد بن محمد بن أبي الربيع.
=880  3\$6246-04$aكتاب سلوك المالك في تدبير الممالك
=880  \1$6264-05$a[Cairo] :$bالمطبعة الخاصة بجمعية المعارف المصرية،$c1286 هـ. [1869]
=880  \\$6500-06$aألفه للخليفة المعتصم بالله العباسي كما ذكره في الفصل الأول من الكتاب وقد ذكره صاحب كشف الظنون.
=999  \\$iUaCaAUL_b12998436$o(OCoLC)ocm32427428$sauc_aco000461
=994  \\$aC0$bZYU

