=LDR  02336cam a2200445Ii 4500
=001  ocm60510219\
=003  OCoLC
=005  20190305074030.0
=008  050208m19539999iq\f\\\\\b\\\\000\0\ara\d
=010  \\$a  72225641 
=040  \\$aMEAUC$beng$erda$cMEAUC$dOCLCF$dOCLCO$dOCLCQ$dMEAUC
=035  \\$a(OCoLC)60510219
=041  \\$aara$feng
=043  \\$aa-iq---
=050  \4$aDS68$b.H5 1953
=049  \\$aZYUU
=100  1\$6880-01$aHilālī, ʻAbd al-Razzāq,$eauthor.
=245  10$6880-02$aMuʻjam al-ʻIrāq :$bsijill tārīkhī siyāsī iqtiṣādī ijtimāʻī thaqāfī yabḥathu bi-ījāz daqīq ʻan mukhtalaf nawāḥī al-ḥayāh al-ʻāmmah fī al-ʻIrāq mundhu al-ʻahd al-ʻUthmānī ḥattá al-yawm /$cʻAbd al-Razzāq al-Hilālī.
=264  \1$6880-03$aBaghdād :$bMaṭbaʻat al-Najāḥ,$c1953-
=300  \\$avolumes <1>, plates (some folded) ;$c24 cm
=336  \\$atext$btxt$2rdacontent
=337  \\$aunmediated$bn$2rdamedia
=338  \\$avolume$bnc$2rdacarrier
=500  \\$6880-04$aKull nuskhah bi-dūn tawqīʻ al-muʼallif tuʻtabar masrūqah.
=500  \\$aAuthor signature on title page.
=500  \\$6880-05$a"Ḥuqūq al-ṭabʻ wa-al-tarjamah maḥfūẓah."
=500  \\$6880-06$aSāʻadat Wazārat al-Maʻārif ʻalá nashr hadhā al-kitāb.
=500  \\$aIncludes errata pages.
=504  \\$aIncludes bibliographical references.
=546  \\$aTable of contents in English.
=651  \0$aIraq.
=651  \7$aIraq.$2fast$0(OCoLC)fst01205757
=880  1\$6100-01$aهلالي، عبد الرزاق،$eauthor.
=880  10$6245-02$aمعجم العراق :$bسجل تاريخي سياسي اقتصادي اجتماعي ثقافي يبحث بايجاز دقيق عن مختلف نواحي الحياه العامة في العراق منذ العهد العثماني حتى اليوم /$cعبد الرزاق الهلالي.
=880  \1$6264-03$aبغداد :$bمطبعة النجاح،$c1953-
=880  \\$6500-04$aكل نسخة بدون توقيع المؤلف تعتبر مسروقة.
=880  \\$6500-05$a"حقوق الطبع والترجمة محفوظة."
=880  \\$6500-06$aساعدت وزارة المعارف على نشر هذا الكتاب.
=999  \\$iUaCaAUL_b13226447$o(OCoLC)ocm60510219$sauc_aco000456:v.1
=994  \\$aC0$bZYU

