=LDR  03326cam a2200577Mi 4500
=001  ocm54825754\
=003  OCoLC
=005  20190305074030.0
=008  040308nuuuuuuuuua\\\\\\\b\\\\000\0\ara\d
=040  \\$aSTF$beng$erda$cSTF$dOCLCQ$dOCLCG$dOCLCF$dOCLCO$dOCLCQ$dOCL$dOCLCQ$dMEAUC
=035  \\$a(OCoLC)54825754
=043  \\$af-ua---
=050  \4$aDT77$b.S88
=049  \\$aZYUU
=100  0\$6880-01$aSuyūṭī,$d1445-1505.
=240  10$6880-02$aḤusn al-muḥāḍarah fī akhbār Miṣr wa-al-Qāhirah.$kSelections
=245  13$6880-03$aal-Mukhtār min Kitāb Ḥusn al-muḥāḍarah fī akhbār Miṣr wa-al-Qāhirah /$cli-Jalāl al-Dīn al-Suyūṭī al-mutawaffá sanat 911 H ; ikhtiyār Muḥammad Maḥmūd Ṣubḥ ; murājaʻat Aḥmad Aḥmad Badawī.
=264  \1$6880-04$a[Cairo] :$bMaktabat al-Anjilū al-Miṣrīyah,$c[date of publication not identified]
=264  \3$6880-05$a[Cairo] :$bDār al-Qāhirah lil-Ṭibāʻah.
=300  \\$a256 pages ;$c21 cm.
=336  \\$atext$btxt$2rdacontent
=337  \\$aunmediated$bn$2rdamedia
=338  \\$avolume$bnc$2rdacarrier
=490  0\$aMukhtārāt min turāthinā
=500  \\$aIncludes errata page.
=500  \\$6880-06$aWizārat al-Thaqāfah wa-al-Irshād al-Qawmī, al-Iqlīm al-Janūbī, al-Idārah al-ʻĀmmah lil-Thaqāfah.
=500  \\$6880-07$aMultazim al-ṭabʻ wa-al-nashr Maktabat al-Anjilū al-Miṣrīyah.
=504  \\$aIncludes bibliographical references.
=651  \0$aEgypt$xHistory$y640-1882$vEarly works to 1800.
=651  \0$aCairo (Egypt)$xHistory$vEarly works to 1800.
=651  \7$aEgypt.$2fast$0(OCoLC)fst01208755
=651  \7$aEgypt$zCairo.$2fast$0(OCoLC)fst01205204
=648  \7$a640-1882$2fast
=655  \7$aEarly works.$2fast$0(OCoLC)fst01411636
=655  \7$aHistory.$2fast$0(OCoLC)fst01411628
=700  1\$6880-08$aṢubḥ, Muḥammad Maḥmūd.
=700  1\$6880-09$aBadawī, Aḥmad Aḥmad.
=710  1\$6880-10$aEgypt.$bWizārat al-Thaqāfah wa-al-Irshād al-Qawmī.
=880  0\$6100-01/r$aسيوطي،$d1445-1505.
=880  10$6240-02/r$a‏حسن المحاضرة في أخبار مصر والقاهرة.‏$k‏مختارات
=880  12$6245-03/r$a‏المختار من كتاب حسن المحاضرة في أخبار مصر والقاهرة /‏$c‏لجلال الدين السيوطي المتوفى سنة 911 ه ؛ اختيار محمد محمود صبح ؛ مراجعة أحمد أحمد بدوي.
=880  \1$6264-04/r$a[Cairo] :$bمكتبة الانجلوا المصرية،$c[date of publication not identified]
=880  \3$6264-05/r$a[Cairo] :$bدار القاهرة للطباعة.
=880  0\$6490-00/r$a‏مختارات من تراثنا
=880  \\$6500-06/r$aوزارة الثقافة والارشاد القومي، الاقليم الجنوبي، الادارة العامة للثقافة.
=880  \\$6500-07/r$aملتزم الطبع والنشر مكتبة الأنجلو المصرية.
=880  1\$6700-08/r$a‏صبح، محمد محمود.
=880  1\$6700-09/r$a‏بدوي، أحمد أحمد.
=880  1\$6710-10/r$aمصر.$bوزارة الثقافة والارشاد القومي.
=999  \\$iUaCaAUL_b27153599$o(OCoLC)ocm54825754$sauc_aco000530$e(ERROR-880)(ERROR-SERIES)
=994  \\$aC0$bZYU

