=LDR  02138cam a2200397Mi 4500
=001  ocn122709655
=003  OCoLC
=005  20190305074030.0
=008  010205s1930\\\\ua\\\\\\\\\\\\000\0\ara\d
=040  \\$aUaCaAUL$beng$erda$cMEAUC$dLGG$dOCLCO$dOCLCQ$dMEAUC$dOCLCF
=035  \\$a(OCoLC)122709655
=043  \\$af-ua---
=050  \4$aDT82.5 S75$b.F8 1930
=049  \\$aZYUU
=100  1\$6880-01$aFuʼād, Aḥmad,$cal-Duktūr.
=245  10$6880-02$aMiṣr wa-al-Sūdān fī naẓar al-ʻilm wa-al-tārīkh wa-khuṭab ṣāḥib al-saʻādah ʻAbd al-ʻAzīz ʻIzzat bāshā /$ctaʼlīf al-duktūr Aḥmad Fuʼād, ikhtiṣāṣī fī al-amrāḍ al-bāṭinīyah wa-ʻuḍw al-Majmaʻ al-ʻIlmī al-Almānī li-Muqāranat al-Madanīyāt.
=264  \1$6880-03$aMiṣr :$bMaṭbaʻat al-Nahḍah bi-Shāriʻ ʻAbd al-ʻAzīz bi-Miṣr,$c1348, 1930.
=300  \\$a235 pages ;$c20 cm
=336  \\$atext$btxt$2rdacontent
=337  \\$aunmediated$bn$2rdamedia
=338  \\$avolume$bnc$2rdacarrier
=500  \\$6880-04$aḤuqūq al-ṭabʻ maḥfūẓah li-muʼallifih.
=651  \0$aEgypt$xRelations$zSudan.
=651  \0$aSudan$xRelations$zEgypt.
=651  \0$aEgypt$xHistory$y19th century.
=650  \7$aInternational relations.$2fast$0(OCoLC)fst00977053
=651  \7$aEgypt.$2fast$0(OCoLC)fst01208755
=651  \7$aSudan.$2fast$0(OCoLC)fst01204591
=648  \7$a1800-1899$2fast
=655  \7$aHistory.$2fast$0(OCoLC)fst01411628
=880  1\$6100-01$aفؤاد، أحمد،$cالدكتور.
=880  10$6245-02$aمصر والسودان في نظر العلم والتاريخ وخطب صاحب السعادة عبد العزيز عزت باشا /$cتأليف الدكتور أحمد فؤاد، اختصاصي في الأمراض الباطنية وعضو المجمع العلمي الالماني لمقارنة المدنيات.
=880  \1$6264-03$aمصر :$bمطبعة النهضة بشارع عبد العزيز بمصر،$c1348، 1930.
=880  \\$6500-04$aحقوق الطبع محفوظة لمؤلفه.
=999  \\$iUaCaAUL_b12606601$o(OCoLC)ocn122709655$sauc_aco000549
=994  \\$aC0$bZYU

