=LDR  03327cam a2200541Ii 4500
=001  ocn318941758
=003  OCoLC
=005  20190305074030.0
=008  040122s1946\\\\ua\ab\\\\b\\\\000\0\ara\d
=040  \\$aMEAUC$beng$cMEAUC$dOCLCF$dOCLCO$dOCLCQ$dMEAUC$dOCLCA
=035  \\$a(OCoLC)318941758
=043  \\$ama-----
=090  \\$aDS63$b.A48 1946
=049  \\$aZYUU
=245  03$6880-01$aal-ʻĀlam al-ʻarabī al-yawm :$bsilsilat buḥūth fī al-ʻĀlam al-ʻArabī al-Yawm /$cli-nukhbah min qādat al-raʼy fī Miṣr.
=264  \1$6880-02$aal-Qāhirah :$bʻUniyá bi-Nashrihi Qism al-khidmah al-ʻĀmmah bi-al-Jāmiʻah al-Amrīkīyah bi-al-Qāhirah,$c1946.
=264  \3$6880-03$aMiṣr :$bal-Maṭbaʻah al-ʻAṣrīyah bi-Miṣr.
=300  \\$a104 pages :$billustrations, maps ;$c25 cm
=336  \\$atext$btxt$2rdacontent
=337  \\$aunmediated$bn$2rdamedia
=338  \\$avolume$bnc$2rdacarrier
=500  \\$aContributions by Muḥammad ʻAbd al-Munʻim al-Sharqāwī, ʻAbbās ʻAmmār, Sāmī al-Sirāj, Hudá Shaʻrāwī, ʻAbd al-Ḥamīd Badawī.
=504  \\$aIncludes bibliographical references (pages 44-46).
=651  \0$aArab countries.
=651  \0$aArab countries$xGeography.
=651  \0$aArab countries$xEconomic conditions.
=650  \0$aWomen$zArab countries.
=650  \7$aEconomic history.$2fast$0(OCoLC)fst00901974
=650  \7$aGeography.$2fast$0(OCoLC)fst00940469
=650  \7$aWomen.$2fast$0(OCoLC)fst01176568
=651  \7$aArab countries.$2fast$0(OCoLC)fst01240128
=700  1\$6880-04$aSharqāwī, Muḥammad ʻAbd al-Munʻim.$tal-Bīʼah al-jughrāfīyah lil-aqṭār al-ʻArabīyah.
=700  1\$6880-05$aʻAbbās, ʻAmmār.$tShuʻūb al-aqṭār al-ʻArabīyah.
=700  1\$6880-06$aSirāj, Samīʻ.$tal-Ḥayāh al-iqtiṣādīyah fī al-bilād al-ʻArabīyah.
=700  1\$6880-07$aShaʻrāwī, Hudá,$d1879-1947.$tMakānat al-marʼah fī al-bilād al-ʻArabīyah.
=700  1\$6880-08$aBdioui, Abdelhamid.$tal-Nuẓum al-tashrīʻīyah wa-ḥuqūq al-insān fī al-Bilād al-ʻArabīyah.
=710  2\$6880-09$aAmerican University in Cairo.
=880  02$6245-01$aالعالم العربي اليوم :$bسلسلة بحوث في العالم العربي اليوم /$cلنخبة من قادة الرأي في مصر.
=880  \1$6264-02$aالقاهرة :$bعنى بنشره قسم الخدمة العامة بالجامعة الأمريكية بالقاهرة،$c1946.
=880  \3$6264-03$aمصر :$bالمطبعة العصرية بمصر.
=880  1\$6700-04$aشرقاوي، محمد عبد المنعم.$tالبيئة الجغرافية للأقطار العربية.
=880  1\$6700-05$aعباس، عمار.$tشعوب الأقطار العربية.
=880  1\$6700-06$aسراج، سميع.$tالحياه الاقتصادية في البلاد العربية.
=880  1\$6700-07$aشعراوي، هدى،$d1879-1947.$tمكانة المرأة في البلاد العربية.
=880  1\$6700-08$aبدوي، عبد الحميد.$tالنظم التشريعية وحقوق الإنسان في البلاد العربية.
=880  2\$6710-09$aالجامعة الأمريكية بالقاهرة.
=999  \\$iUaCaAUL_b13062244$o(OCoLC)ocn318941758$sauc_aco000344
=994  \\$aC0$bZYU

