=LDR  02662cam a2200469Ii 4500
=001  ocm29011634\
=003  OCoLC
=005  20190305074030.0
=008  931014m19229999ua\\\\\\\b\\\\000\0\ara\d
=040  \\$aCLE$beng$erda$cCLE$dOCLCG$dOCLCF$dOCLCQ$dOCLCO$dOCL$dMEAUC
=035  \\$a(OCoLC)29011634
=050  \4$aD505$b.M96 1928
=082  \4$a929.1$b647
=049  \\$aZYUU
=100  1\$6880-01$aMorel, E. D.$q(Edmund Dene),$d1873-1924.
=240  10$6880-02$aḤaqīqat al-ḥarb al-ʻālamīyah
=245  10$6880-03$aKitāb ḥaqīqat al-ḥarb al-ʻālamīyah :$bifshāʼāt wa-iʻtirāfāt khaṭīrah /$ctaʼlīf ʻuḍw al-Barlamān al-Injilīzī al-shahīr A.D. Mūrīl ; taʻrīb ʻAlī Aḥamad Shukrī.
=264  \1$6880-04$a[Egypt] :$bʻAlī Aḥmad Shukrī,$c1347 Hijrīyah = 1920 [1928] Mīlādīyah
=264  \3$6880-05$aMiṣr :$bMaṭbaʻat Amīn Hindīyah bi-Miṣr.
=300  \\$avolumes ;$c24 cm
=336  \\$atext$btxt$2rdacontent
=337  \\$aunmediated$bn$2rdamedia
=338  \\$avolume$bnc$2rdacarrier
=500  \\$6880-06$aḤuqūq al-ṭabʻ wa-al-nashr maḥfūẓah lil-muʻarrib.
=500  \\$6880-07$aYuṭlab al-kitāb min maktabatay Amīn Hindīyah bi-shāriʻay al-Manākh wa-al-Mūskī.
=500  \\$6880-08$aKull nuskhah bidūn tawqīʻ al-muʻarrib tuʻad masrūqah wa-yuʻāqab ḥāmiluhā.
=504  \\$aIncludes bibliographical references.
=611  27$aWorld War (1914-1918)$2fast$0(OCoLC)fst01180746
=650  \0$aWorld War, 1914-1918.
=648  \7$a1914-1918$2fast
=700  1\$6880-09$aShukrī, ʻAlī Aḥmad.
=880  1\$6100-01/r$aموريل، إ. د.،$d1873-1924.
=880  10$6240-02/r$aحقيقة الحرب العالمية
=880  10$6245-03/r$aكتاب حقيقة الحرب العالمية :$bافشاءات واعترافات خطيرة /$cتأليف عضو البرلمان الانجليزي الشهير ا.د. موريل ؛ تعريب علي احمد شكري.
=880  \1$6264-04/r$a[Egypt] :$bعلي احمد شكري،$c1347 هجرية = 1920 [1928] ميلادية
=880  \3$6264-05/r$aمصر :$bمطبعة امين هندية بمصر.
=880  \\$6500-06/r$aحقوق الطبع والنشر محفوظة للمعرب.
=880  \\$6500-07/r$aيطلب الكتاب من مكتبتي امين هندية بشارعي المناخ والموسكي.
=880  \\$6500-08/r$aكل نسخة بدون توقيع المعرب تعد مسروقة ويعاقب حاملها.
=880  1\$6700-09/r$aشكري، علي احمد.
=999  \\$iUaCaAUL_b14530351$o(OCoLC)ocm29011634$sauc_aco000262:v.1$e(ERROR-880)
=994  \\$aC0$bZYU

