=LDR  02731cam a2200505Ii 4500
=001  ocm40976192\
=003  OCoLC
=005  20190305074030.0
=008  990119s1949\\\\ua\\\\\\\b\\\\001\0aara\d
=040  \\$aCGU$beng$erda$cCGU$dOCL$dCGU$dOCLCQ$dWAU$dFLD$dOCLCG$dCLU$dOCLCO$dOCLCA$dOCLCQ$dOCLCF$dDGU$dMEAUC$dOCLCQ
=029  1\$aAU@$b000023237881
=035  \\$a(OCoLC)40976192
=050  \4$aBP80.M77$bA38 1949
=082  04$a920$221
=049  \\$aZYUU
=100  0\$6880-01$aMuʼayyad fī al-Dīn Hibat Allāh ibn Mūsá,$d-1077 or 1078.
=245  10$6880-02$aSīrat al-Muʼayyad fī al-Dīn dāʻī al-duʻāh :$btarjamat ḥayātihi bi-qalamih /$ctaqdīm wa-taḥqīq Muḥammad Kāmil Ḥusayn.
=246  1\$6880-03$iAlso known as:$aSīrah al-Muʼayyadīyah
=250  \\$6880-04$aal-Ṭabʻah al-ūlá.
=264  \1$6880-05$aal-Qāhirah :$bDār al-Kātib al-Miṣrī,$c1949.
=300  \\$a28, 212 pages ;$c25 cm
=336  \\$atext$btxt$2rdacontent
=337  \\$aunmediated$bn$2rdamedia
=338  \\$avolume$bnc$2rdacarrier
=504  \\$aIncludes bibliographical references (pages 207-209) and indexes.
=500  \\$aIncludes errata.
=600  00$6880-06$aMuʼayyad fī al-Dīn Hibat Allāh ibn Mūsá,$d-1077 or 1078.
=600  07$aMuʼayyad fī al-Dīn Hibaẗ Allāh ibn Mūsá,$d...-1077.$2ram
=600  07$aMuʼayyad fī al-Dīn Hibat Allāh ibn Mūsá,$d-1077 or 1078.$2fast$0(OCoLC)fst01836242
=600  04$aMuʼayyad fī al-Dīn Hibat Allāh ibn Mūsá,$d-1077 or 1078.
=650  \0$aIsmailites$vBiography.
=650  \7$aAutobiographie.$2ram
=650  \7$aIsmailites.$2fast$0(OCoLC)fst00980134
=655  \7$aBiography.$2fast$0(OCoLC)fst01423686
=700  1\$6880-07$aḤusayn, Muḥammad Kāmil.
=776  08$iOnline version:$aMuʼayyad fī al-Dīn Hibat Allāh ibn Mūsá, -1077 or 8.$tSīrat al-Muʼayyad fī al-Dīn dāʻī al-duʻāh.$bal-Ṭabʻah 1.$dal-Qāhirah : Dār al-Kātib al-Miṣrī, 1949$w(OCoLC)798988233
=880  0\$6100-01/r$aمؤيد في الدين هبة الله بن موس،$d-1077 أو 1078.
=880  10$6245-02/r$aسيرة المؤيد في الدين داعي الدعاة :$bترجمة حياته بقلمه /$cتقديم وتحقيق محمد كامل حسين.
=880  1\$6246-03/r$iAlso known as:$aسيرة المؤيدية
=880  \\$6250-04/r$aالطبعة الأولى.
=880  \1$6264-05/r$aالقاهرة :$bدار الكاتب المصري،$c1949.
=880  04$6600-06/r$aمؤيد في الدين هبة الله بن موسى،,$d1077 أو 1078.
=880  1\$6700-07/r$aحسين، محمد كامل.
=999  \\$iUaCaAUL_b12322477$o(OCoLC)ocm40976192$sauc_aco000525
=994  \\$aC0$bZYU

