=LDR  02404cam a2200469Ii 4500
=001  ocm60498646\
=003  OCoLC
=005  20190305074030.0
=008  011010s1953\\\\le\\\\\\\b\\\\000\0\ara\d
=040  \\$aMEAUC$beng$erda$cMEAUC$dOCLCF$dOCLCO$dOCLCQ$dOCL$dMEAUC
=019  \\$a79713940
=035  \\$a(OCoLC)60498646$z(OCoLC)79713940
=043  \\$ama-----
=090  \\$aDS38$b.M9x 1953
=049  \\$aZYUU
=100  1\$6880-01$aHāshim, Ḥikmat,$eauthor.
=245  13$6880-02$aal-Mujtamaʻ al-ʻArabī /$cbi-qalam Ḥikmat Hāshim, Qusṭanṭīn Zurayq, ʻAfīf Ṭannūs, Ḥannā Rizq ; ashrafat ʻalá ikhrājihi Hayʼat al-Dirāsāt al-ʻArabīyah fī al-Jāmiʻah al-Amīrikīyah.
=264  \1$a[Beirut] :$b[publisher not identified],$c1953.
=264  \3$6880-03$aBayrūt :$bMaṭbaʻat Qilfāṭ.
=300  \\$a8, 108 pages ;$c25 cm
=336  \\$atext$btxt$2rdacontent
=337  \\$aunmediated$bn$2rdamedia
=338  \\$avolume$bnc$2rdacarrier
=504  \\$aIncludes bibliographical references.
=500  \\$6880-04$a"ʻAn Majallat al-Abḥāth ; al-ʻadad al-Thānī min al-sanah al-sādisah."
=651  \0$aArab countries$xSocial conditions.
=650  \7$aSocial conditions$2fast$0(OCoLC)fst01919811
=651  \7$aArab countries.$2fast$0(OCoLC)fst01240128
=700  1\$6880-05$aZurayq, Qusṭanṭīn,$d1909-$econtributor.
=700  1\$6880-06$aṬannūs, ʻAfīf,$econtributor.
=700  1\$6880-07$aRizq, Ḥannā,$econtributor.
=710  2\$6880-08$aHayʼat al-Dirāsāt al-ʻArabīyah fī al-Jāmiʻah al-Amīrikīyah.
=880  1\$6100-01$aهاشم، حكمة.
=880  12$6245-02$aالمجتمع العربي /$cبقلم حكمة هاشم، قسطنطين زريق، عفيف طنوس، حنا رزق ؛ أشرفت على إخراجه هيئة الدراسات العربية في الجامعة الأميركية.
=880  \3$6264-03$aبيروت :$bمطبعة قلفاط.
=880  \\$6500-04$a"عن مجلة الأبحاث ؛ العدد الثاني من السنة السادسة."
=880  1\$6700-05$aزريق، قسطنطين،$d1909 -
=880  1\$6700-06$aطنوس، عفيف.
=880  1\$6700-07$aرزق، حنا.
=880  2\$6710-08$aهيئت الدراسات العربية في الجامعة الأميركية.
=999  \\$iUaCaAUL_b12714409$o(OCoLC)ocm60498646$sauc_aco000490$e(ERROR-880)
=994  \\$aC0$bZYU

