=LDR  01691cam a2200361Ii 4500
=001  ocn122796272
=003  OCoLC
=005  20190305074030.0
=008  000215s1947\\\\ua\c\\\\\\\\\\100\0\ara\d
=040  \\$aUaCaAUL$beng$erda$cMEAUC$dOCLCF$dOCLCO$dOCLCQ$dOCL$dOCLCQ$dMEAUC$dOCL
=035  \\$a(OCoLC)122796272
=043  \\$af-ua---
=090  \\$aDT46$b.I582x 1947
=049  \\$aZYUU
=110  2\$6880-01$aInter-parliamentary Union$n(36 conference :$d1947 :$cCairo)
=245  10$6880-02$aMiṣr :$bal-muʼtamar al-ʻām al-sādis wa-al-thalāthūn lil-Itiḥād al-Barlamānī al-Dawlī, al-Qāhirah 3-17 abrīl sanat 1947.
=264  \3$6880-03$a[Miṣr] :$b[ṭubiʻ bi-Maṭbaʻat Dār al-hilāl],$c[1947]
=300  \\$a149 pages, 10 unnumbered pages of plates ;$c24 cm
=336  \\$atext$btxt$2rdacontent
=337  \\$aunmediated$bn$2rdamedia
=338  \\$avolume$bnc$2rdacarrier
=651  \0$aEgypt$xDescription and travel.
=651  \0$aEgypt$xSocial conditions.
=651  \0$aEgypt$xHistory.
=650  \7$aSocial conditions.$2fast$0(OCoLC)fst01919811
=650  \7$aTravel.$2fast$0(OCoLC)fst01155558
=651  \7$aEgypt.$2fast$0(OCoLC)fst01208755
=655  \7$aHistory.$2fast$0(OCoLC)fst01411628
=880  2\$6110-01$aالاتحاد البرلماني الدولي$n(المؤتمر 36 :$d1947 :$cالقاهرة)
=880  10$6245-02$aمصر :$bالمؤتمر العام السادس والثلاثين للاتحاد البرلماني الدولي، القاهرة 3-17 أبريل سنة 1947.
=880  \3$6264-03$a[مصر] :$b[طبع بمطبعة دار الهلال]،$c[1947]
=999  \\$iUaCaAUL_b12415595$o(OCoLC)ocn122796272$sauc_aco000469
=994  \\$aC0$bZYU

