=LDR  01326cam a2200337Ii 4500
=001  ocn122899318
=003  OCoLC
=005  20190305074030.0
=008  041222s1942\\\\ua\a\\\\\b\\\\000\0\ara\d
=040  \\$aEG-CaAUA$beng$cMEAUC$dOCLCF$dOCLCO$dOCLCQ$dOCL$dOCLCQ$dMEAUC
=035  \\$a(OCoLC)122899318
=043  \\$ae-fr---
=090  \\$aD743.9$b.M77 1942
=049  \\$aZYUU
=100  1\$6880-01$aMuḥammad, Aḥmad al-Ṣāwī,$eauthor.
=245  10$6880-02$aMaʼsāt Faranca /$cAḥmad al-Ṣāwī Muḥammad.
=264  \1$a[Place of publication not identified] :$b[publisher not identified],$c[1942]
=300  \\$a193 pages :$billustrations ;$c20 cm
=336  \\$atext$btxt$2rdacontent
=337  \\$aunmediated$bn$2rdamedia
=338  \\$avolume$bnc$2rdacarrier
=504  \\$aIncludes bibliographical references.
=651  \0$aFrance$xHistory$yGerman occupation, 1940-1945.
=611  27$aGerman Occupation of France (1940-1945)$2fast$0(OCoLC)fst01353176
=651  \7$aFrance.$2fast$0(OCoLC)fst01204289
=648  \7$a1940-1945$2fast
=655  \7$aHistory.$2fast$0(OCoLC)fst01411628
=880  1\$6100-01$aمحمد، أحمد الصاوي.
=880  10$6245-02$aمأساة فرنسا /$cأحمد الصاوي محمد.
=999  \\$iUaCaAUL_b13202224$o(OCoLC)ocn122899318$sauc_aco000498$e(ERROR-880)
=994  \\$aC0$bZYU

