=LDR  02422cam a2200481Mi 4500
=001  ocm29052887\
=003  OCoLC
=005  20190305074030.0
=008  900813s1923\\\\ua\a\\\\\b\\\\001\0\ara\d
=040  \\$aMNU$beng$erda$cMNU$dLGG$dOCLCF$dOCLCQ$dOCLCO$dMEAUC$dOCLCQ
=035  \\$a(OCoLC)29052887
=043  \\$af-ua---
=050  \4$aDT70$b.Z35x 1923
=050  \4$aDT61$b.Z35 1923
=049  \\$aZYUU
=100  1\$6880-01$aZikrī, Anṭūn.
=245  13$6880-02$aal-Adab wa-al-dīn ʻinda qudamāʼ al-Miṣrīyīn /$cli-wāḍiʻihi Anṭūn Zikrī bi-al-Matḥaf al-Miṣrī.
=250  \\$6880-03$aal-Ṭabʻah al-ūlá.
=264  \1$6880-04$aMiṣr :$bMaṭbaʻat al-Maʻārif bi-shāriʻ al-Fajjālah bi-Miṣr,$c1923 M., 1342 H.
=300  \\$a188 pages :$billustrations ;$c25 cm
=336  \\$atext$btxt$2rdacontent
=337  \\$aunmediated$bn$2rdamedia
=338  \\$avolume$bnc$2rdacarrier
=500  \\$6880-05$aYuṭlabu min multazim ṭbʻihi wa-nashrihi Najīb Mitrī ṣāḥib Maṭbaʻat al-Maʻārif wa-maktabatahā bi-Miṣr.
=500  \\$6880-06$aḤuqūq al-ṭabʻ maḥfūẓah.
=504  \\$aIncludes bibliographical references (page 181) and index.
=651  \0$aEgypt$xCivilization$yTo 332 B.C.
=651  \0$aEgypt$xReligion.
=651  \0$aEgypt$xSocial life and customs.
=650  \7$aCivilization.$2fast$0(OCoLC)fst00862898
=650  \7$aManners and customs.$2fast$0(OCoLC)fst01007815
=650  \7$aReligion.$2fast$0(OCoLC)fst01093763
=651  \7$aEgypt.$2fast$0(OCoLC)fst01208755
=648  \7$aTo 332 B.C.$2fast
=776  08$iOnline version:$aZakī, Anṭūn.$tAdab wa-al-dīn ʻinda qudamāʼ al-Miṣrīyīn.$dMiṣr : Maṭbaʻat al-Maʻārif, [1923?]$w(OCoLC)709532346
=880  1\$6100-01/r$aزكري، أنطون.
=880  12$6245-02/r$aالأدب والدين عند قدماء المصريين /$cلواضعه أنطون زكري بالمتحف المصري.
=880  \\$6250-03/r$aالطبعة الأولى.
=880  \1$6264-04/r$aمصر :$bمطبعة المعارف بشارع الفجالة بمصر،$c1923 م.، 1342 ه.
=880  \\$6500-05/r$aيطلب من ملتزم طبعه ونشره نجيب متري صاحب مطبعة المعارف ومكتبتها بمصر.
=880  \\$6500-06/r$aحقوق الطبع محفوظة.
=999  \\$iUaCaAUL_b12422101$o(OCoLC)ocm29052887$sauc_aco000496$e(ERROR-880)
=994  \\$aC0$bZYU

