=LDR  04961cam a2200505Ia 4500
=001  ocm63017194\
=003  OCoLC
=005  20190305074030.0
=008  060111s1905\\\\ua\\\\\\\\\\\\000\0\arard
=040  \\$aUkDhU$beng$cSTF$dOCLCG$dOCLCQ$dOCLCA$dMEAUC$dOCLCF$dOCLCA$dMEAUC$dOCLCO$dOCLCQ
=035  \\$a(OCoLC)63017194
=050  \4$aBP88.I28$bA2 1905
=049  \\$aZYUU
=100  1\$6880-01$aIbn Taymīyah, Aḥmad ibn ʻAbd al-Ḥalīm,$d1263-1328.
=240  10$6880-02$aRasāʼil al-kubrá
=245  13$6880-03$aal-Juzʼ al-awwal min Majmūʻat al-Rasāʼil al-kubrá li-Ibn Taymiyah /$ctaʼlīf Taqī al-Dīn Abī al-ʻAbbās Aḥmad ibn ʻAbd al-Ḥalīm ibn ʻAbd al-Salām ibn Taymīyah al-Ḥarrānī al-Dimashqī.
=246  30$6880-04$aMajmūʻat al-Rasāʼil al-kubrá li-Ibn Taymiyah
=250  \\$6880-05$aal-Ṭabʻah 1.
=260  \\$6880-06$aMiṣr :$bal-Maṭbaʻah al-ʻĀmirah al-Sharafīyah,$c[1905]
=300  \\$a2 volumes ;$c20 cm
=336  \\$atext$btxt$2rdacontent
=337  \\$aunmediated$bn$2rdamedia
=338  \\$avolume$bnc$2rdacarrier
=505  0\$6880-07$aJuzʼ 1: al-Furqān bayna al-ḥaqq wa-al-bāṭil. -- Maʻārij al-wuṣūl. -- al-Tibyān fī nuzūl al-Qurʼan. -- al-Waṣīyah al-ṣughrá. -- al-Nīyah. -- al-ʻArshiyah. -- al-Waṣīyah al-kubrá. -- al-Irādah wa-al-amr. -- al-ʻAqīdah al-Wāsiṭīyah. al-Munāẓarah fī al-ʻAqīdah al-Wāsiṭīyah. -- al-ʻAqīdah al-Ḥamawiyah al-kubrá. -- al-Istighāthah. -- Juzʼ 2. al-Iklīl fī al-mutashābih wa-al-taʼwīl. -- al-Ḥalāl. -- Fī ziyārat Bayt al-Maqdis. -- Marātib al-irādah. -- al-Qaḍāʼ wa-al-qadar. -- al-Iḥtijāj bi-al-qadar. -- Darajāt al-yaqīn. -- Bayān al-hudá min al-ḍalāl. -- Fī sunnat al-Jumuʻah. -- Tafsīr al-Muʻawwadhatayn. -- al-ʻUqūd al-muḥarramah. -- Fī maʻná al-qiyās. -- Fī al-samāʻ wa-al-raqṣ. -- Fī al-kalām ʻalá al-fiṭrah. -- Fī al-kalām ʻalá al-qiṣāṣ. -- al-Kalām fī rafʻ al-Ḥanafī yadayh. -- Kitāb Manāsik al-ḥajj.
=650  \0$aIslam$xDoctrines$vEarly works to 1800.
=630  00$aQurʼan$xHermeneutics$vEarly works to 1800.
=630  00$aQurʼan$xCriticism, interpretation, etc.$vEarly works to 1800.
=630  07$aQurʼan.$2fast$0(OCoLC)fst01842877
=650  \7$aHermeneutics.$2fast$0(OCoLC)fst00955492
=650  \7$aIslam$xDoctrines.$2fast$0(OCoLC)fst00979787
=655  \7$aCriticism, interpretation, etc.$2fast$0(OCoLC)fst01411635
=655  \7$aEarly works.$2fast$0(OCoLC)fst01411636
=700  1\$6880-08$aIbn Taymīyah, Aḥmad ibn ʻAbd al-Ḥalīm,$d1263-1328.$tFurqān bayna al-ḥaqq wa-al-bāṭil.
=700  1\$6880-09$aIbn Taymīyah, Aḥmad ibn ʻAbd al-Ḥalīm,$d1263-1328.$tIklīl fī al-mutashābih wa-al-taʼwīl.
=880  1\$6100-01/r$aابن تيمية، أحمد بن عبد الحليم،$d1263-1328.
=880  10$6240-02/r$a‏رسائل الكبرى
=880  12$6245-03/r$a‏الجزء الأول من مجموعة الرسائل الكبرى لابن تيمية /‏$c‏تأليف تقي الدين أبي العباس أحمد بن عبد الحليم بن عبد السلام بن تيمية الحراني الدمشقي.
=880  30$6246-04/r$a‏مجموعة الرسائل الكبرى لابن تيمية
=880  \\$6250-05/r$a‏الطبعة 1.
=880  \\$6260-06/r$aمصر :$bالمطبعة العامرة الشرفية،$c[1905]
=880  0\$6505-07/r$aجزء 1: الفرقان بين الحق والباطل.-- معارج الوصول. -- التبيان في نزول القرأن. -- الوصية الصغرى. -- النية. -- العرشية. -- الوصية الكبرى. -- الإرادة والأمر. -- العقيدة الواسطية. -- المناظرة في العقيدة الواسطية. -- العقيدة الحموية الكبرى. -- الاستغاثة. -- جزء 2. الإكليل في المتشابه والتأويل. -- الحلال. -- في زيارة بيت المقدس. -- مراتب الإرادة. -- القضاء والقدر. -- الاحتجاج بالقدر. -- درجات اليقين. -- بيان الهدى من الضلال. -- في سنة الجمعة. -- تفسير المعوذتين. -- العقود المحرمة. -- في معنى القياس. -- في السماع والرقص. -- في الكلام على الفطرة. -- في الكلام على القصاص. -- الكلام في رفع الحنفي يديه. -- كتاب مناسك الحج.
=880  1\$6700-08/r$aابن تيمية، أحمد بن عبد الحليم،,$d1263-1328.$tفرقان بين الحق والباطل.
=880  1\$6700-09/r$aابن تيمية، أحمد بن عبد الحليم،,$d1263-1328.$tإكليل في المتشابه والتأويل.
=999  \\$iUaCaAUL_b13082772$o(OCoLC)ocm63017194$sauc_aco000531:v.1$sauc_aco000559:v.1-2$sauc_aco000532:v.2
=994  \\$aC0$bZYU

