=LDR  02326cam a2200397Ii 4500
=001  ocn122817743
=003  OCoLC
=005  20190305074030.0
=008  030528s1922\\\\ae\\\\\\\b\\\\000\0\ara\d
=040  \\$aUaCaAUL$beng$erda$cMEAUC$dOCLCG$dOCLCA$dOCLCQ$dOCLCO$dOCLCF$dOCLCQ$dMEAUC
=035  \\$a(OCoLC)122817743
=043  \\$af-mr---
=090  \\$aDT329.F4$bJ38 1922
=049  \\$aZYUU
=100  1\$6880-01$aJaznāʼī, Abū al-Ḥasan ʻAlī,$dactive 14th century,$eauthor.
=245  10$6880-02$aKitāb Zahrat al-ās fī bināʼ madinat fās =$bZahrat el-as (la fleur du myrte) traitant de la fondation de la ville de fes  /$clil-imām al-ʻālim al-ʻallāmah Abī al-Ḥasan ʻAlī al-Jaznāʼī.
=246  15$aZahrat el-as (la fleur du myrte) traitant de la fondation de la ville de fes
=264  \1$6880-03$aal-Jazāʼir :$bMaṭbaʻat Jūl Kārbūnīl,$c1922.
=300  \\$a86, 196 pages ;$c23 cm
=336  \\$atext$btxt$2rdacontent
=337  \\$aunmediated$bn$2rdamedia
=338  \\$avolume$bnc$2rdacarrier
=500  \\$6880-04$aṬubiʻa hādhā al-kitāb ʻalá iʻtināʼ al-shaykh Alfirād Bīl mudīr Madrasat Tilmisān.
=500  \\$aText in Arabic and annoted French translation by alFred Bell.
=500  \\$6880-05$aMaṭbaʻat Bāstīd -Jūrdān sābiqan wa-al-ān Jūl Kārbūnīl.
=504  \\$aIncludes bibliographical references.
=651  \0$aFès (Morocco)$xHistory.
=651  \7$aMorocco$zFès.$2fast$0(OCoLC)fst01207144
=655  \7$aHistory.$2fast$0(OCoLC)fst01411628
=880  1\$6100-01/r$aجزنائي، ابو الحسن علي،$dactive 14th century,$eauthor.
=880  10$6245-02/r$aكتاب زهرة الآس في بناء مدنة فاس =$bZahrat el-as (la fleur du myrte) traitant de la fondation de la ville de fes/$cللامام العالم العلامة أبي الحسن علي الجزنائي.
=880  \1$6264-03/r$aالجزائر :$bمطبعة جول كاربونيل،$c1922.
=880  \\$6500-04/r$aطبع هذه الكتاب على اعتناء الشيخ ألفراد بيل مدير مدرسة تلمسان.
=880  \\$6500-05/r$aمطبعة باستيد - جوردان سابقا والآن جول كاربونيل.
=999  \\$iUaCaAUL_b1297299x$o(OCoLC)ocn122817743$sauc_aco000455$e(ERROR-880)
=994  \\$aC0$bZYU

