=LDR  01558cam a2200361Ii 4500
=001  ocm40976603\
=003  OCoLC
=005  20190305074030.0
=008  990119s1948\\\\iq\\\\\\\b\\\\000\0\araod
=040  \\$aCGU$beng$cCGU$dOCLCQ$dLOA$dSTF$dOCLCF$dOCLCQ$dOCLCO$dMEAUC
=019  \\$a77801844
=035  \\$a(OCoLC)40976603$z(OCoLC)77801844
=043  \\$aa-iq---
=050  \4$aDS78.5$b.I79 1948
=082  \4$aP281.8
=049  \\$aZYUU
=100  1\$6880-01$aBābū Isḥāq, Rafāʼīl,$eauthor.
=245  10$6880-02$aTaʼrīkh Naṣārā al-ʻIrāq mundhu intishar al-naṣranīyah fī al-aqṭar al-ʻIraqīyah ilá ayyāmina /$ctaʼlīf Rufāʼīl Abū Isḥāq.
=264  \1$6880-03$aBaghdād :$bMaṭbaʻat al-Manṣūr,$c1948.
=300  \\$a7, 189 pages ;$c24 cm
=336  \\$atext$btxt$2rdacontent
=337  \\$aunmediated$bn$2rdamedia
=338  \\$avolume$bnc$2rdacarrier
=500  \\$aIncludes Errata pages.
=504  \\$aIncludes bibliographical references (pages [162]-184).
=650  \0$aChristians$zIraq.
=650  \7$aChristians.$2fast$0(OCoLC)fst00859760
=651  \7$aIraq.$2fast$0(OCoLC)fst01205757
=880  1\$6100-01/r$aبابو اسحق، رفائيل.
=880  10$6245-02/r$aتاريخ نصارى العراق منذ انتشار النصرانية في الأقطار العراقية إلى أيامنا /$cتأليف رفائيل بابو اسحق.
=880  \1$6264-03/r$aبغداد :$bمطبعة المنصور،$c1948.
=999  \\$iUaCaAUL_b14425373$o(OCoLC)ocm40976603$sauc_aco000254
=994  \\$aC0$bZYU

