=LDR  01708cam a2200361Mi 4500
=001  ocn122987031
=003  OCoLC
=005  20190305074030.0
=008  040623s1930\\\\ua\\\\\\\\\\\\000\0\ara\d
=040  \\$aMEAUC$beng$cMEAUC$dOCLCG$dOCLCQ$dSTF$dOCLCA$dOCLCQ$dOCLCO$dOCLCQ$dOCLCF$dOCL
=035  \\$a(OCoLC)122987031
=050  \4$aBP52$b.W149 1930
=049  \\$aZYUU
=100  1\$6880-01$aWakīl, Ḥasan Khaṭṭāb.
=245  13$6880-02$aal-Muʻāhadāt wa-al-muḥālafāt ʻalá ʻahd Rasūl Allāh /$cḤasan Khaṭṭāb al-Wakīl.
=250  \\$6880-03$aal-Ṭabʻah 1.
=260  \\$6880-04$aal-Qāhirah :$bal-Maṭbaʻah al-Miṣrīyah,$c1930.
=300  \\$a99 pages ;$c19 cm
=336  \\$atext$btxt$2rdacontent
=337  \\$aunmediated$bn$2rdamedia
=338  \\$avolume$bnc$2rdacarrier
=600  00$aMuḥammad,$cProphet,$d-632$xMilitary leadership.
=600  07$aMuḥammad,$cProphet,$d-632.$2fast$0(OCoLC)fst01836298
=650  \7$aCommand of troops.$2fast$0(OCoLC)fst00869220
=650  \0$aMuḥammad,$cProphet,$dd. 632$xPolitical career.
=650  \0$aIslam$xHitroy.
=776  08$iOnline version:$aWakīl, Ḥasan Khaṭṭāb.$tMuʻāhadāt wa-al-muḥālafāt ʻalá ʻahd Rasūl Allāh.$bal-Ṭabʻah 1.$dal-Qāhirah : al-Maṭbaʻah al-Miṣrīyah, 1930$w(OCoLC)743194335
=880  1\$6100-01/r$aوكيل، حسن خطاب.
=880  12$6245-02/r$aالمعاهدات والمحالفات على عهد رسول الله /$cحسن خطاب الوكيل.
=880  \\$6250-03/r$aالطبعة 1.
=880  \\$6260-04/r$aالقاهرة :$bالمطبعة المصرية،$c1930.
=999  \\$iUaCaAUL_b12937915$o(OCoLC)ocn122987031$sauc_aco000166
=994  \\$aC0$bZYU

