=LDR  01488cam a22003971a 4500
=001  ocm11394377\
=003  OCoLC
=005  20190305074030.0
=008  841116s1934\\\\ua\a\\\\\\\\\\000\0\ara\\
=010  \\$a   72210953 
=040  \\$aDLC$beng$cDLC$dOSU$dMEAUC$dOCLCQ$dOCLCF$dOCL$dOCLCQ
=029  1\$aAU@$b000027157076
=035  \\$a(OCoLC)11394377
=042  \\$apremarc
=043  \\$af-ua---
=050  00$aDT104.5$b.J28 1934
=049  \\$aZYUU
=100  1\$6880-01$aJāmātī, Ḥabīb.
=245  10$6880-02$aIbrāhīm fī al-maydān /$ctaʼlīf Ḥabīb Jāmātī.
=260  \\$6880-03$aMiṣr :$bIdārat al-Hilāl,$c1934.
=300  \\$a222 pages :$billustrations ;$c22 cm
=336  \\$atext$btxt$2rdacontent
=337  \\$aunmediated$bn$2rdamedia
=338  \\$avolume$bnc$2rdacarrier
=600  00$6880-04$aIbrāhīm,$cPasha,$d1789-1848.
=651  \0$aEgypt$xHistory$yMohammed Ali, 1805-1849.
=600  07$aIbrāhīm,$cPasha,$d1789-1848.$2fast$0(OCoLC)fst00109393
=651  \7$aEgypt.$2fast$0(OCoLC)fst01208755
=648  \7$a1805-1849$2fast
=655  \7$aHistory.$2fast$0(OCoLC)fst01411628
=880  1\$6100-01/r$aجاماتي، حبيب.
=880  10$6245-02/r$aإبراهيم في الميدان /$cتأليف حبيب جاماتي.
=880  \\$6260-03/r$aمصر :$bإدارة الهلال،$c1934.
=880  04$6600-04/r$aابراهيم،$cباشا،,$d1789-1848.
=999  \\$iUaCaAUL_b12622345$o(OCoLC)ocm11394377$sauc_aco000400
=994  \\$aC0$bZYU

