=LDR  02143cam a2200445Ii 4500
=001  ocm16307879\
=003  OCoLC
=005  20190305074030.0
=008  870728s1931\\\\ua\\\\\\\\\\\\000\0\ara\d
=010  \\$ane 68000539 
=040  \\$aCLU$beng$erda$cCLU$dOCLCQ$dWAU$dOCLCG$dEQO$dOCLCQ$dOCLCF$dOCLCQ$dOCLCO$dOCL$dMEAUC$dOCLCA
=019  \\$a43057159
=035  \\$a(OCoLC)16307879$z(OCoLC)43057159
=043  \\$af-ua---
=050  \4$aDT107$b.H38 1931
=049  \\$aZYUU
=100  1\$6880-01$aHaykal, Muḥammad Ḥusayn,$d1888-1956.
=245  13$6880-02$aal-Siyāsah al-Miṣriyah wa-al-inqilāb al-dustūrī /$clil-asātidhah Muḥammad Ḥusayn Haykal bik wa-Ibrāhīm ʻAbd al-Qādir al-Māzinī wa-Muḥammad ʻAbd Allāh ʻInān.
=250  \\$6880-03$aal-Ṭabʻah al-ūlá.
=264  \1$6880-04$aal-Qāhirah :$bMaṭbaʻat al-Siyāsah,$c1349 --1931.
=300  \\$a134 pages ;$c24 cm
=336  \\$atext$btxt$2rdacontent
=337  \\$aunmediated$bn$2rdamedia
=338  \\$avolume$bnc$2rdacarrier
=500  \\$6880-05$aḤuqūq al-ṭabʻ maḥfūẓah.
=651  \0$aEgypt$xPolitics and government$y1919-1952.
=650  \7$aPolitics and government$2fast$0(OCoLC)fst01919741
=651  \7$aEgypt.$2fast$0(OCoLC)fst01208755
=648  \7$a1919-1952$2fast
=700  1\$6880-06$aʻInān, Muḥammad ʻAbd Allāh,$d1896-
=700  1\$6880-07$aMāzinī, Ibrāhīm ʻAbd al-Qādir,$d1889-1949.
=880  1\$6100-01/r$aهيكل، محمد حسين،$d1888-1956.
=880  12$6245-02/r$aالسياسة المصرية والانقلاب الدستوري /$cللاساتذة محمد حسين هيكل بك وابراهيم عبد القادر المازني ومحمد عبد الله عنان.
=880  \\$6250-03/r$aالطبعة الأولى.
=880  \1$6264-04/r$aالقاهرة :$bمطبعة السياسة،$c1349 -1931.
=880  \\$6500-05/r$aحقوق الطبع محفوظة.
=880  1\$6700-06/r$aعنان، محمد عبد الله.
=880  1\$6700-07/r$aمازني، ابراهيم عبد القادر.
=999  \\$iUaCaAUL_b12688745$o(OCoLC)ocm16307879$sauc_aco000453
=994  \\$aC0$bZYU

