=LDR  01824cam a2200361Ii 4500
=001  ocn122725411
=003  OCoLC
=005  20190305074030.0
=008  020129s1938\\\\ua\c\\\\\b\\\\000\0\ara\d
=040  \\$aUaCaAUL$beng$cMEAUC$dOCLCO$dOCLCQ$dMEAUC$dOCLCF
=035  \\$a(OCoLC)122725411
=043  \\$af-ua---
=090  \\$aDT107.6$b.M782x 1938
=049  \\$aZYUU
=100  1\$6880-01$aKāmil, Muṣṭafá,$eauthor.
=245  13$6880-02$aal-Khutbah al-watanīyah al-Kubrá allatī al-qāhā zaʻīm al-islā m wa-al-sharq Muṣṭafá Kāmil bashā bi-tiyātrū zīzīnīyah bi-al-Iskandarīyah fī masā ́yawm al-Thulātha ́15 Ramāḍan sanat 1325 =$b22 Uktūbar sanat 1907.
=264  \1$a[Place of publication not identified] :$b[publisher not identified],$c1938.
=300  \\$a5, 128 pages :$bportrait ;$c20 cm
=336  \\$atext$btxt$2rdacontent
=337  \\$aunmediated$bn$2rdamedia
=338  \\$avolume$bnc$2rdacarrier
=500  \\$aIntroduction dated: 1938.
=504  \\$aIncludes bibliographical references.
=651  \0$aEgypt$xPolitics and government$y1882-1952.
=650  \0$aSpeeches, addresses, etc., Arabic$zEgypt.
=650  \7$aPolitics and government.$2fast$0(OCoLC)fst01919741
=650  \7$aSpeeches, addresses, etc., Arabic.$2fast$0(OCoLC)fst01129335
=651  \7$aEgypt.$2fast$0(OCoLC)fst01208755
=648  \7$a1882-1952$2fast
=880  1\$6100-01$aكامل، مصطفى.
=880  12$6245-02$aالخطبة الوطنية الكبرى التى ألقاها زعيم الاسلام والشرق مصطفى كامل باشا بتياترو زيزينيا بالاسكندرية فى مساء يوم الثلاثاء 15 رمضان سنة 1325 = 22 أكتوبر سنة 1907.
=999  \\$iUaCaAUL_b12767141$o(OCoLC)ocn122725411$sauc_aco000442$e(ERROR-880)
=994  \\$aC0$bZYU

