=LDR  01446cam a2200325Ia 4500
=001  ocm43855740\
=003  OCoLC
=005  20190305074030.0
=008  000414u1936\\\\le\\\\\\\\\\\\000\0\arard
=040  \\$aAFU$beng$cAFU$dOCLCQ$dOCLCO
=035  \\$a(OCoLC)43855740
=041  1\$aara$hgre
=090  \\$aBS315$b.A65 1936
=049  \\$aZYUU
=130  0\$6880-01$aBible.$pNew Testament.$lArabic.$f1936.
=245  10$6880-02$aKitāb al-ʻAhd al-Jadīd li-rabbinā wa-mukhalliṣinā Yasūʻ al-Masīḥ :$bwa-qad turjima min al-lughah al-Yūnānīyah.
=246  30$6880-03$aʻAhd al-Jadīd li-rabbinā wa-mukhalliṣinā Yasūʻ al-Masīḥ 
=260  \\$6880-04$aBayrūt :$bal-Maṭbaʻah al-Amīrkānīyah,$c1936.
=300  \\$a945 pages ;$c19 cm
=336  \\$atext$btxt$2rdacontent
=337  \\$aunmediated$bn$2rdamedia
=338  \\$avolume$bnc$2rdacarrier
=546  \\$aText fully vocalized.
=630  00$aBible.
=880  0\$6130-01/r$aكتاب المقدس.$pعهد الجديد.$lعربية.
=880  10$6245-02/r$aكتاب العهد الجديد لربنا ومخلصنا يسوع المسيح :$bوقد ترجم اللغة اليونانية.
=880  30$6246-03/r$aعهد الجديد لربنا ومخلصنا يسوع المسيح
=880  \\$6260-04/r$aبيروت :$bالمطبعة الاميركانية،$c1904.
=999  \\$iUaCaAUL_b14428854$o(OCoLC)ocm43855740$sauc_aco000271$e(ERROR-880)
=994  \\$aC0$bZYU

