=LDR  02173cam a2200445Ii 4500
=001  ocm23495175\
=003  OCoLC
=005  20190305074030.0
=008  891004s1927\\\\ua\a\\\\\\\\\\000\0\araod
=010  \\$ane 68000425 
=040  \\$aEYM$beng$cEYM$dCGU$dOCLCQ$dOCLCG$dOCLCQ$dOCLCF$dOCLCQ$dOCLCO$dMEAUC$dDHA$dPAU$dUKMGB
=016  7\$a016581752$2Uk
=019  \\$a318940872
=029  1\$aUKMGB$b016581752
=035  \\$a(OCoLC)23495175$z(OCoLC)318940872
=043  \\$af-sj---
=050  \4$aDT108.6$b.H42 1927
=084  \\$aPK1608
=049  \\$aZYUU
=100  1\$6880-01$aHaykal, Muḥammad Ḥusayn,$d1888-1956.
=245  10$6880-02$aAsharat ayyām fī al-Sūdān /$cbi-qalam Ḥusayn Haykal.
=246  3\$6880-03$aAsharat ayyām fī al-Sūdān
=260  \\$6880-04$aMiṣr :$bal-Maṭbaʻah al-ʻAṣrīyah,$c[1927]
=300  \\$a218 pages :$billustrations ;$c20 cm
=336  \\$atext$btxt$2rdacontent
=337  \\$aunmediated$bn$2rdamedia
=338  \\$avolume$bnc$2rdacarrier
=520  \\$aAn account of ten daysʼ journey in the Sudan in the year 1926; with illustrations and a map.
=583  1\$acommitted to retain$c20170930$d20421231$fHathiTrust$uhttps://www.hathitrust.org/shared_print_program$5PU
=651  \0$aSudan$xDescription and travel.
=650  \7$aTravel.$2fast$0(OCoLC)fst01155558
=651  \7$aSudan.$2fast$0(OCoLC)fst01204591
=776  08$iOnline version:$aHaykal, Muḥammad Ḥusayn, 1888-1956.$tAsharat ayyām fī al-Sūdān.$dMiṣr : al-Maṭbaʻah al-ʻAṣrīyah, [1927]$w(OCoLC)645351886
=880  1\$6100-01/r$aهيكل، محمد حسين،$d1888-1956.
=880  10$6245-02/r$aعشرة أيام في السودان.$cبقلم محمد حسين هيكل.
=880  3\$6246-03/r$a10 أيام فى السودان
=880  \\$6260-04/r$aمصر :$bالمطبعة العصرية،$c[1927]
=880  \\$6500-00/r$aعني بنشره إلياس انطون إلياس صاحب المطبعة العصرية بالفجالة، بشارع الخليج الناصري رقم 6، صندوق البريد رقم 954، مصر.
=999  \\$iUaCaAUL_b12782051$o(OCoLC)ocm23495175$sauc_aco000411$e(ERROR-880)
=994  \\$aC0$bZYU

