=LDR  01781cam a2200349Ii 4500
=001  ocm84327680\
=003  OCoLC
=005  20190305074030.0
=008  960322s1926\\\\ua\a\\\\\b\\\\000\0\ara\\
=010  \\$a   64305800 
=040  \\$aDLC$beng$erda$cHLS$dOCLCG$dOCLCF$dOCLCO$dOCLCQ$dMEAUC
=035  \\$a(OCoLC)84327680
=043  \\$an-us---
=050  \4$aE169$b.B6748 1926
=049  \\$aZYUU
=100  1\$6880-01$aBuqṭur, Amīr,$d1896-1966,$eauthor.
=245  13$6880-02$aal-Dunyā fī Amīrikā /$ctaʼlīf Amīr Buqṭur, sikirtīr al-Jāmiʻah al-Amrīkīyah, (khirrīj Jāmiʻat Kūlūmbiyā bi-Madīnat Niyū Yūrk), (wa-ḥāʼiz li-darajat M.A.).
=264  \1$6880-03$aMiṣr :$bʻUniyá bi-Nashrihi Ilyās Anṭūn Ilyās ṣāḥib al-Maṭbaʻah al-ʻAṣrīyah,$c1926.
=300  \\$a205 pages, 25 unnumbered leaves of plates :$billustrations;$c24 cm
=336  \\$atext$btxt$2rdacontent
=337  \\$aunmediated$bn$2rdamedia
=338  \\$avolume$bnc$2rdacarrier
=504  \\$aIncludes bibliographical references.
=651  \0$aUnited States$xDescription and travel.
=600  10$aBuqṭur, Amīr,$d1896-1966,$eauthor.
=650  \7$aTravel.$2fast$0(OCoLC)fst01155558
=651  \7$aUnited States.$2fast$0(OCoLC)fst01204155
=880  1\$6100-01/r$aبقطر، أمير،,$d1896-1966.
=880  12$6245-02/r$aالدنيا في أميركا /$cتأليف أمير بقطر، سكرتير الجامعة الأمريكية، (خريج جامعة كولومبيا بمدينة نيو يورك)، (وحائز لدرجة M.A).
=880  \1$6264-03/r$aمصر :$bعنى بنشره الياس انطون الياس صاحب المطبعة العصرية،$c1926.
=999  \\$iUaCaAUL_b1264416x$o(OCoLC)ocm84327680$sauc_aco000555
=994  \\$aC0$bZYU

