=LDR  01741cam a2200385Ii 4500
=001  ocm43068075\
=003  OCoLC
=005  20190305074030.0
=008  991220s1952\\\\iq\\\\\\\b\\\\000\0\ara\\
=010  \\$a  60042881 
=040  \\$aDLC$beng$cOSU$dOSU$dWAU$dOCLCF$dOCLCQ$dMEAUC
=035  \\$a(OCoLC)43068075
=043  \\$aa-iq---
=050  0\$aDS69.5$b.L3 1952
=049  \\$aZYUU
=245  00$6880-01$aDalīl taʼrīkhī ʻalá mawāṭin al-āthār fī al-ʻIrāq.
=264  \1$6880-02$aBaghdād :$bShirkat al-Rābiṭah lil-Ṭabʻ wa-al-Nashr al-Maḥdūdah,$c1952.
=300  \\$a59 pages, 27 unnumbered leaves of plates ;$c29 cm
=336  \\$atext$btxt$2rdacontent
=337  \\$aunmediated$bn$2rdamedia
=338  \\$avolume$bnc$2rdacarrier
=504  \\$aIncludes bibliographical references.
=500  \\$6880-03$a"UṣdIra bi-munāsabat inʻiqād Mihrajān Ibn Sīnā bi-Baghdād."
=500  \\$6880-04$aAt head of title page: Lajnat Ibn Sīnā al-ʻIrāqīyah.
=651  \0$aIraq$xAntiquities.
=650  \7$aAntiquities.$2fast$0(OCoLC)fst00810745
=651  \7$aIraq.$2fast$0(OCoLC)fst01205757
=710  2\$6880-05$aLajnat Ibn Sīnā al-ʻIrāqīyah.
=880  00$6245-01$aدليل تأريخي على مواطن الآثار في العراق.
=880  \1$6264-02$aبغداد :$bشركة الرابطة للطبع والنشر المحدودة،$c1952.
=880  \\$6500-03$a"أصدر بمناسبة انعقاد مهرجان ابن سينا ببغداد."
=880  \\$6500-04$aAt head of title page: لجنة ابن سينا العراقية.
=880  2\$6710-05$aلجنة ابن سينا العراقية.
=999  \\$iUaCaAUL_b13190052$o(OCoLC)ocm43068075$sauc_aco000515
=994  \\$aC0$bZYU

