=LDR  02942cam a2200517Ia 4500
=001  ocm22901248\
=003  OCoLC
=005  20190305074030.0
=008  901227s1927\\\\ua\af\\\\b\\\\000\0\araod
=040  \\$aCLE$beng$cCLE$dOCL$dOCLCG$dOCLCQ$dOCLCF$dOCLCQ$dOCLCO$dOCL$dIUL$dMEAUC
=035  \\$a(OCoLC)22901248
=041  1\$aara$heng
=043  \\$af-ua---
=050  \4$aDT107$b.R612 1927x
=049  \\$aZYUU
=100  1\$6880-01$aRotshtein, F. A.$q(Fedor Aronovich),$d1871-1953.
=240  10$aEgypt's ruin.$lArabic
=245  10$6880-02$aTārīkh Miṣr qabla al-iḥtilāl al-Barīṭānī wa-baʻdah /$ctaʼlīf al-misyū Tiyūdūr Rūdhstayn ; taʻrīb ʻAlī Aḥmad Shukrī.
=264  \1$6880-03$aMiṣr  :$bYuṭlab min Makātib M Afāts bi-ʻUmūm Maḥaṭṭāt al-Sikak al-Ḥadīdīyah al-Miṣrīyah,$c1927.
=300  \\$a28, 592 pages, 5 unnumbered pages of plates :$billustrations ;$c24 cm
=336  \\$atext$btxt$2rdacontent
=337  \\$aunmediated$bn$2rdamedia
=338  \\$avolume$bnc$2rdacarrier
=500  \\$6880-04$aWa-tataḍammanu muqaddimat al-muʻarrib ḥadīthan muhimman maʻa Saʻd Bāshā fī Landan ʻan al-mufāwaḍāt.
=500  \\$aTranslation of: Egypt's ruin.
=500  \\$6880-05$aWa-yuṭlab min Maktabat al-Hilāl bi-Miṣr wa-min Maktabat Zīdān bi-Miṣr wa-min Maktabat Bank Miṣr bi-Miṣr wa-min al-Maktabah al-Tijārīyah bi-Miṣr.
=504  \\$aIncludes bibliographical references.
=651  \0$aEgypt$xHistory$y19th century.
=651  \0$aEgypt$xHistory$yBritish occupation, 1882-1936.
=650  \0$aFinance$zEgypt.
=651  \0$aEgypt$xEconomic conditions.
=611  27$aBritish Occupation of Egypt (1882-1936)$2fast$0(OCoLC)fst01352144
=650  \7$aEconomic history.$2fast$0(OCoLC)fst00901974
=650  \7$aFinance.$2fast$0(OCoLC)fst00924349
=651  \7$aEgypt.$2fast$0(OCoLC)fst01208755
=648  \7$a1800-1936$2fast
=655  \7$aHistory.$2fast$0(OCoLC)fst01411628
=700  1\$6880-06$aShukrī, ʻAlī Aḥmad,$etranslator.
=880  1\$6100-01/r$aروذستين، ف. ا.،$d1871-1953.
=880  10$6245-02/r$aتاريخ مصر قبل الاحتلال البريطاني وبعده /$cتأليف المسيو تيودور روذستين ؛ تعريب علي أحمد شكري.
=880  \1$6264-03/r$aمصر  :$bيطلب من مكاتب م افاتس بعموم محطات السكك الحديدية المصرية،$c1927.
=880  \\$6500-04/r$aوتتضمن مقدمة المعرب حديثا مهما مع سعد باشا في لندن عن المفاوضات.
=880  \\$6500-05/r$aويطلب من مكتبة الهلال بمصر ومن مكتبة زيدان بمصر ومن مكتبة بنك مصر بمصر ومن المكتبة التجارية بمصر.
=880  1\$6700-06/r$aشكري، علي أحمد.
=999  \\$iUaCaAUL_b11856609$o(OCoLC)ocm22901248$sauc_aco000475$e(ERROR-880)
=994  \\$aC0$bZYU

