=LDR  01120cam a2200289Ii 4500
=001  ocm43057998\
=003  OCoLC
=005  20190305074030.0
=008  840411s1929\\\\ua\c\\\\\\\\\\000\0\ara\\
=010  \\$a  72244541 
=040  \\$aDLC$beng$erda$cEQO$dOCLCG$dOCLCF$dOCLCQ$dMEAUC
=035  \\$a(OCoLC)43057998
=050  0\$aDT107.2.Z2$bT47 (Orien Arab)
=049  \\$aZYUU
=100  1\$6880-01$aThābit, Karīm Khalīl.
=245  10$6880-02$aSaʻd fī ḥayātihi al-khāṣṣah /$ctaʼlīf Karīm Khalīl Thābit.
=264  \1$a[Cairo] :$b[publisher not identified],$c1929.
=300  \\$a112 pages, 8 unnmbered leaves of plates ;$c20 cm
=336  \\$atext$btxt$2rdacontent
=337  \\$aunmediated$bn$2rdamedia
=338  \\$avolume$bnc$2rdacarrier
=600  10$aZaghlūl, Saʻd,$d1857-1927.
=600  17$aZaghlūl, Saʻd,$d1857-1927$2fast$0(OCoLC)fst00117962
=880  1\$6100-01$aثابت، كريم خليل.
=880  10$6245-02$aسعد في حياته الخاصة /$cتأليف كريم خليل ثابت.
=999  \\$iUaCaAUL_b12737677$o(OCoLC)ocm43057998$sauc_aco000509$e(ERROR-880)
=994  \\$aC0$bZYU

