=LDR  02223cam a2200373Ii 4500
=001  ocm16284415\
=003  OCoLC
=005  20190305074030.0
=008  870727m19531955ua\\\\\\\\\\\\000\0\ara\d
=040  \\$aCLU$beng$cCLU$dCUY$erda$dOCLCQ$dOCLCF$dOCLCQ$dOCLCO$dZCU$dMEAUC
=035  \\$a(OCoLC)16284415
=050  \4$aPJ7819.E4$bM315 1953
=049  \\$aZYUU
=100  1\$6880-01$aMājid, ʻAbd al-Munʻim,$eauthor.
=245  10$6880-02$aNuẓum al-fāṭimīyīn wa-rusūmuhum fī Miṣr = :$bInstitutions et cérémonial des Fatimides en Egypte /$ctaʼlīf al-duktūr ʻAbd al-Munʻim Mājid mudarris al-tārīkh al-Islāmī bi-Kulliyat al-Ādāb bi-Jāmʻat Ibrāhīm
=264  \1$6880-03$aMiṣr :$bMultazim al-Ṭabʻ wa-al-Nashr Maktabat al-Anjilū al-Miṣrīyah,$c1953-1955.
=264  \3$6880-04$a[al-Qāhirah] :$bMaṭbʻat Lajnat al-Bayān al-ʻArabī ,$c1953-1955.
=300  \\$a2 volums ;$c24 cm
=336  \\$atext$btxt$2rdacontent
=337  \\$aunmediated$bn$2rdamedia
=338  \\$avolume$bnc$2rdacarrier
=500  \\$aAdded title: Institutions et cérémonial des Fatimides en Egypte.
=504  \\$aIncludes bibliographical reference (volum 2, pages145-174).
=504  \\$aIncludes errata pages.
=505  0\$6880-05$aVolume 2--Dirāsah shāmilah li-nuẓum al-Qaṣr al-Fāṭimī wa-rusūmuh.
=650  \0$aFatimites.
=650  \7$aFatimites.$2fast$0(OCoLC)fst00921954
=880  1\$6100-01/r$aماجد، عبد المنعم،$eauthor.
=880  10$6245-02/r$aنظم الفاطميين ورسومهم في مصر = :$bInstitutions et cérémonial des Fatimides en Egypte  /$cتأليف الدكتور عبد المنعم ماجد مدرس التاريخ الإسلامي بكلية الآداب بجامعة إبراهيم
=880  \1$6264-03/r$aمصر :$bملتزم الطبع والنشر مكتبة الأنجلو المصرية،$c1953-1955.
=880  \3$6264-04/r$a[القاهرة] :$bمطبعة لجنة البيان العربي ،$c1953-1955.
=880  0\$6505-05/r$aVolume-- 2دراسة شاملة لنظم القصر الفاطمي ورسومه.
=999  \\$iUaCaAUL_b27145323$o(OCoLC)ocm16284415$sauc_aco000544:v.1$sauc_aco000545:v.2
=994  \\$aC0$bZYU

