=LDR  01661cam a2200373Ii 4500
=001  ocm60498601\
=003  OCoLC
=005  20190305074030.0
=008  010906s1943\\\\ua\a\\\\\b\\\\000\0bara\d
=040  \\$aMEAUC$beng$erda$cMEAUC$dOCLCG$dNYP$dOCLCF$dOCLCQ$dMEAUC$dOCLCA$dSTF
=035  \\$a(OCoLC)60498601
=090  \\$aE807$b.S27 1943
=049  \\$aZYUU
=100  1\$6880-01$aṢarrūf, Fuʼād,$d1900-1985,$eauthor.
=245  10$6880-02$aRūzafilt /$cbi-qalam Fuʼād Ṣarrūf.
=246  3\$aRūzavilt
=250  \\$6880-03$aal-Ṭabʻah al-ūlá.
=264  \1$6880-04$aMiṣr :$bMultazim Ṭabʻih wa-Nashrihi Maṭbaʻat al-Maʻārif wa-Maktabatuhā bi-Miṣr,$c1943.
=300  \\$a242 pages :$billustrations ;$c24 cm
=336  \\$atext$btxt$2rdacontent
=337  \\$aunmediated$bn$2rdamedia
=338  \\$avolume$bnc$2rdacarrier
=500  \\$aTitle on p. 1 of cover: Rūzavilt.
=500  \\$6880-05$aḤuqūq al-ṭabʻ maḥfūẓah lil-muʼallif
=504  \\$aIncludes bibliographical references.
=600  10$aRoosevelt, Franklin D.$q(Franklin Delano),$d1882-1945.
=600  17$aRoosevelt, Franklin D.$q(Franklin Delano),$d1882-1945$2fast$0(OCoLC)fst00032031
=880  1\$6100-01$aصروف، فؤاد،$d1900-1985،$eauthor.
=880  10$6245-02$aروزفلت /$cبقلم فؤاد صروف.
=880  \\$6250-03$aالطبعة الأولى.
=880  \1$6264-04$aمصر :$bملتزم طبعه ونشره مطبعة المعارف ومكتبتها بمصر،$c1943.
=880  \\$6500-05$aحقوق الطبع محفوظة للمؤلف
=999  \\$iUaCaAUL_b1270040x$o(OCoLC)ocm60498601$sauc_aco000539$e(ERROR-880)
=994  \\$aC0$bZYU

