=LDR  01346cam a2200361Ii 4500
=001  ocm23500502\
=003  OCoLC
=005  20190305074030.0
=008  890916s193u\\\\ua\\\\\\\\\\\\000\0\arard
=040  \\$aEYM$beng$erda$cEYM$dOCLCQ$dIUL$dOCLCQ$dOCLCF$dOCLCA$dOCLCQ$dMEAUC
=029  1\$aGEBAY$b8284467
=029  1\$aNLGGC$b134283864
=035  \\$a(OCoLC)23500502
=043  \\$af-ua---
=050  \4$aHD975$b.B61 
=049  \\$aZYUU
=100  0\$6880-01$aBint al-Shāṭiʼ,$eauthor.
=245  10$6880-02$aQaḍīyat al-fallāḥ /$cIbnat al-Shāṭiʼ.
=264  \1$6880-03$a[Cairo] :$bMaktabat al-Nahḍah al-Miṣrīyah,$c[193?]
=300  \\$a12, 231 pages, 12 unnumbered leaves of plates ;$c19 cm
=336  \\$atext$btxt$2rdacontent
=337  \\$aunmediated$bn$2rdamedia
=338  \\$avolume$bnc$2rdacarrier
=650  \0$aPeasants$zEgypt.
=651  \0$aEgypt$xSocial life and customs.
=650  \7$aManners and customs.$2fast$0(OCoLC)fst01007815
=650  \7$aPeasants.$2fast$0(OCoLC)fst01734394
=651  \7$aEgypt.$2fast$0(OCoLC)fst01208755
=880  0\$6100-01/r$aبنت الشاطئ.
=880  10$6245-02/r$aقضية الفلاح /$cإبنة الشاطئ.
=880  \1$6264-03/r$a[Cairo] :$bمكتبة النهضة المصرية،$c[193?]
=999  \\$iUaCaAUL_b1245199x$o(OCoLC)ocm23500502$sauc_aco000554
=994  \\$aC0$bZYU

