=LDR  02849cam a2200481Ii 4500
=001  ocn122750506
=003  OCoLC
=005  20190305074030.0
=008  010626m19201932ua\f\\\\\b\\\\001\0\ara\d
=040  \\$aNjP$beng$cMEAUC$dOCLCF$dOCLCO$dOCLCQ$dMEAUC$dOCLCQ
=035  \\$a(OCoLC)122750506
=043  \\$af-ua---
=050  \4$aD100$b.R56 1920
=049  \\$aZYUU
=100  1\$6880-01$aRifàt, Muḥammad,$eauthor.
=245  10$6880-02$aTārīkh Miṣr al-siyāsī fī al-azminah al-ḥadīthah /$ctaʼlīf Muḥammad Rifʻat., ustādh al-tārīkh bi-Madrasat al-Muʻallimīn al-Sulṭānīyah (wa-al-ḥāṣil ʻalá darajat al-ʻĀlamīyah wa-darajat al-imtīyāz min al-ṭabaqah al-ūlá fī al-Tārīkh al-ḥadīth wa-ʻalá minḥat al-baḥth al-ʻilmī min Jāmiʻat Lifarbūl).
=250  \\$6880-03$aal-Ṭabʻah al-ūlá.
=264  \1$6880-04$aal-Qāhirah :$bMuḥammad Rifʻat,$c[1920]
=264  \3$6880-05$aMiṣr :$bMaṭbaʻat al-Shaʻb,$c[1920]
=300  \\$a2 volumes, 20 unnumbered leaves of plates ;$c24 cm
=336  \\$atext$btxt$2rdacontent
=337  \\$aunmediated$bn$2rdamedia
=338  \\$avolume$bnc$2rdacarrier
=500  \\$6880-06$a"Jamīʻ ḥuqūq al-ṭabʻ wa-al-Tarjamah wa-al-Nashr maḥfūẓah lil-muʼallif."
=500  \\$aIntroduction dated 1920.
=504  \\$aIncludes bibliographical references and index.
=505  0\$6880-07$aal-Juzʼ al-awwal. Min sanat 1798 ilá sanat 1841 mīlādīyah -- al-Juzʼ al-thānī. Sanat 1849 -- 1882 M.
=651  \0$aEgypt$xHistory$y1517-1882.
=651  \0$aEgypt$xHistory$y1798-
=651  \0$aEgypt$xOccupation$y1882-1936.
=650  \7$aOccupation.$2fast$0(OCoLC)fst01198872
=651  \7$aEgypt.$2fast$0(OCoLC)fst01208755
=648  \7$aSince 1517$2fast
=655  \7$aHistory.$2fast$0(OCoLC)fst01411628
=880  1\$6100-01$aرفعت، محمد.
=880  10$6245-02$aتاريخ مصر السياسي في الأزمنة الحديثة /$cتأليف محمد رفعت.، أستاذ التاريخ بمدرسة المعلمين السلطانية (والحاصل على درجة العالمية ودرجة الامتياز من الطبقة الأولى في التاريخ الحديت وعلى منحة البحث العلمي من جامعة لفربول).
=880  \\$6250-03$aالطبعة الأولى.
=880  \1$6264-04$aالقاهرة :$bمحمد رفعت،$c[1920]
=880  \3$6264-05$aمصر :$bمطبعة الشعب،$c[1920]
=880  \\$6500-06$a"جميع حقوق الطبع والترجمة والنشر محفوظة للمؤلف."
=880  0\$6505-07$aالجزء الأول. من سنة 1798 إلى سنة 1841 ميلادية -- الجزء الثاني. سنة 1849 - 1882 م.
=999  \\$iUaCaAUL_b12680928$o(OCoLC)ocn122750506$sauc_aco000409:v.1$sauc_aco000410:v.2
=994  \\$aC0$bZYU

