=LDR  01752cam a2200385Ii 4500
=001  ocn122747974
=003  OCoLC
=005  20190305074030.0
=008  040531s1945\\\\ua\\\\\\\b\\\\000\0\araod
=040  \\$aICU$beng$erda$cMEAUC$dOCLCF$dOCLCO$dOCLCQ$dMEAUC
=035  \\$a(OCoLC)122747974
=090  \\$aB528$b.A4 1945
=049  \\$aZYUU
=100  1\$6880-01$aAmīn, ʻUthmān,$eauthor.
=245  13$6880-02$aal-Falsafah al-riwāqīyah /$ctaʼlīf al-duktūr ʻUthmān Amīn mudarris tārīkh al-falsafah bikullīyat al-Ādāb bi-jāmiʻat Fuʼād al-Awwal.
=264  \1$6880-03$aal-Qāhirah :$bʻUthmān Amīn,$c1945.
=264  \2$6880-04$aal-Qāhirah :$bMaṭbaʻat Lajnat al-Taʼlīf wa-al-Tarjamah wa-al-Nashr,$c1945.
=300  \\$a3, 323 pages ;$c20 cm.
=336  \\$atext$btxt$2rdacontent
=337  \\$aunmediated$bn$2rdamedia
=338  \\$avolume$bnc$2rdacarrier
=490  1\$6880-05$aAʻlām al-falsafah
=500  \\$aAdded t.p. in French.
=504  \\$aIncludes bibliographical references.
=650  \0$aStoics.
=650  \7$aStoics.$2fast$0(OCoLC)fst01133750
=830  \0$6880-06$aAʻlām al-falsafah.
=880  1\$6100-01$aامين، عثمان.
=880  13$6245-02$aالفلسفة الرواقية /$cتأليف الدكتور عثمان أمين مدرس تاريخ الفلسفة بكلية الآداب بجامعة فؤاد الأول.
=880  \1$6264-03$aالقاهرة :$bعثمان أمين،$c1945.
=880  \2$6264-04$aالقاهرة :$bمطبعة لجنة التأليف والترجمة والنشر،$c1945.
=880  1\$6490-05$aأعلام الفلسفة
=880  \0$6830-06$aأعلام الفلسفة.
=999  \\$iUaCaAUL_b13119503$o(OCoLC)ocn122747974$sauc_aco000131
=994  \\$aC0$bZYU

