=LDR  01271cam a2200289Mi 4500
=001  ocn122726196
=003  OCoLC
=005  20190305074030.0
=008  000713s1925\\\\ua\f\\\\\\\\\\000\0bara\d
=040  \\$aUaCaAUL$beng$erda$cMEAUC$dOCLCG$dOCLCF$dOCLCQ$dMEAUC$dOCLCA
=035  \\$a(OCoLC)122726196
=050  \4$aDT731.L8$bM8x 1925
=049  \\$aZYUU
=245  00$6880-01$aMuktashif al-ṭarīq wa-mubṭil tijārat al-raqīq /$c[lifinjistūn].
=264  \1$6880-02$a[al-Qāhirah :$bMaṭbaʻat al-Nīl al-Masīḥīyah,$c1925]
=300  \\$a200 pages (incomplete), 16 leaves of plates (some color) ;$c19 cm
=336  \\$atext$btxt$2rdacontent
=337  \\$aunmediated$bn$2rdamedia
=338  \\$avolume$bnc$2rdacarrier
=500  \\$aImperfect copy: lackes title page and some pages are missing.
=600  10$6880-03$aLivingstone, David,$d1813-1873.
=600  17$aLivingstone, David,$d1813-1873.$2fast$0(OCoLC)fst00031340
=880  00$6245-01$aمكتشف الطريق ومبطل تجارة الرقيق /$c[لفنجستون].
=880  \1$6264-02$a[القاهرة :$bمطبعة النيل المسيحية،$c1925]
=880  14$6600-03$aلفنجستون، ديفيد،$c1813-1873.
=999  \\$iUaCaAUL_b12514457$o(OCoLC)ocn122726196$sauc_aco000516
=994  \\$aC0$bZYU

