=LDR  01445cam a2200325Ii 4500
=001  ocm60510106\
=003  OCoLC
=005  20190305074030.0
=008  050208s1944\\\\ua\\\\\\\b\\\\000\0bara\d
=040  \\$aMEAUC$beng$erda$cMEAUC$dOCLCG$dOCLCA$dOCLCF$dOCLCQ$dMEAUC$dOCLCQ
=035  \\$a(OCoLC)60510106
=050  \4$aDS238.H3$bB53 1944
=049  \\$aZYUU
=100  0\$6880-01$aBint Baṭṭūṭah. 
=245  10$6880-02$aMin tārīkh Hārūn al-Rashīd wa-al-Barāmikah /$cBint Baṭṭūṭah ; tarjamahu ʻan al-Faransīyah D.N.
=246  30$6880-03$aHārūn al-Rashīd wa-al-Barāmikah
=264  \1$6880-04$aDamanhūr :$bMaṭbaʻat Ḥalabī,$c1944.
=300  \\$a219 pages ;$c20 cm
=336  \\$atext$btxt$2rdacontent
=337  \\$aunmediated$bn$2rdamedia
=338  \\$avolume$bnc$2rdacarrier
=504  \\$aIncludes bibliographical references.
=600  00$aHārūn al-Rashīd,$cCaliph,$dapproximately 763-809.
=600  07$aHārūn al-Rashīd,$cCaliph,$dapproximately 763-809$2fast$0(OCoLC)fst01823077
=880  0\$6100-01/r$aبنت بطوطة.
=880  10$6245-02/r$aمن تاريخ هارون الرشيد والبرامكة /$cبنت بطوطه ؛ ترجمه عن الفرنسية د. ن.
=880  30$6246-03/r$aهارون الرشيد والبرامكة
=880  \1$6264-04/r$aدمنهور :$bمطبعة حلبي،$c1944-
=999  \\$iUaCaAUL_b13194847$o(OCoLC)ocm60510106$sauc_aco000269
=994  \\$aC0$bZYU

