=LDR  01659cam a2200445 a 4500
=001  ocm23495576\
=003  OCoLC
=005  20190305074030.0
=008  891004m1943uuuuua\ab\\\\b\\\\000\0\arar\
=010  \\$ane 65000086 
=040  \\$aDLC$beng$cEYM$dIUL$dOCLCF$dOCLCQ$dOCLCO
=019  \\$a316080461
=035  \\$a(OCoLC)23495576$z(OCoLC)316080461
=043  \\$af-ua---
=050  \4$aDT143$b.Z22 1943
=049  \\$aZYUU
=100  1\$6880-01$aZakī, ʻAbd al-Raḥmān.
=245  13$6880-02$aal-Qāhirah /$cʻAbd al-Raḥmān Zakī.
=246  1\$6880-03$iAt head of title:$aHādhihi hiya
=246  3\$6880-04$aHādhihī hiya al-Qāhirah
=250  \\$6880-05$aal-Ṭabʻah 2.
=260  \\$6880-06$aMiṣr :$bDār al-Mustaqbal,$c1943-
=300  \\$avolumes :$billustrations, maps ;$c24 cm
=336  \\$atext$btxt$2rdacontent
=337  \\$aunmediated$bn$2rdamedia
=338  \\$avolume$bnc$2rdacarrier
=504  \\$aIncludes bibliographical references.
=651  \0$aCairo (Egypt)$xHistory.
=651  \0$aCairo (Egypt)$xDescription and travel.
=650  \7$aTravel.$2fast$0(OCoLC)fst01155558
=651  \7$aEgypt$zCairo.$2fast$0(OCoLC)fst01205204
=655  \7$aHistory.$2fast$0(OCoLC)fst01411628
=880  1\$6100-01/r$aزكي، عبد الرحمن.
=880  12$6245-02/r$aالقاهرة /$cعبد الرحمن زكي.
=880  1\$6246-03/r$iAt head of title:$aهاذه هي
=880  3\$6246-04/r$aهذه هي القاهرة
=880  \\$6250-05/r$aالطبعة 2.
=880  \\$6260-06/r$aمصر :$bدار المستقبل،$c1943.
=999  \\$iUaCaAUL_b12906943$o(OCoLC)ocm23495576$sauc_aco000471$e(ERROR-880)
=994  \\$aC0$bZYU

