=LDR  02546cam a22004691i 4500
=001  ocm25395443\
=003  OCoLC
=005  20190305074030.0
=008  920305s1927\\\\ua\f\\\\\b\\\\000\0\ara\\
=010  \\$ane 62000453 
=040  \\$aDLC$beng$erda$cDLC$dMBB$dIUL$dOCLCA$dOCLCF$dOCLCQ$dOCL$dOCLCQ$dMEAUC
=029  1\$aAU@$b000022530692
=035  \\$a(OCoLC)25395443
=042  \\$apremarc
=050  00$aDS97.5$b.H8 
=049  \\$aZYUU
=245  00$6880-01$aḤurūb Ibrāhīm Bāshā al-Miṣrī fī Sūriyā wa-al-Anāḍūl /$cli-muʼarrikh majhūl ; ʻallaqa ḥawāshiyahā wa-waḍaʻa fahārisahā al-ductūr Asad Rustum ustādh al-tārīkh al-sharqī fī Jāmiʻat Bayrūt al-Amīrikīyah ; ʻuniyat bi-nashrihā Idārat al-Majallah al-Sūrīyah.
=264  \1$6880-02$aMiṣr al-Jadīdah :$bal-Maṭbaʻah al-Sūrīyah bi-Miṣr al-Jadīdah,$c1927.
=300  \\$a8, 67 pages, 2 unnumbered leaves of plates ;$c25 cm
=336  \\$atext$btxt$2rdacontent
=337  \\$aunmediated$bn$2rdamedia
=338  \\$avolume$bnc$2rdacarrier
=500  \\$aIntroduction dated 1927 by al-Khūrī Būlus Qarʼalī.
=500  \\$6880-03$aḤuqūq al-nashr wa-al-tarjamah maḥfūẓah.
=504  \\$aIncludes bibliographical references.
=600  00$aIbrāhīm,$cPasha,$d1789-1848.
=600  07$aIbrāhīm,$cPasha,$d1789-1848.$2fast$0(OCoLC)fst00109393
=611  27$aTurco-Egyptian Conflict (1831-1840)$2fast$0(OCoLC)fst01159236
=650  \0$aTurco-Egyptian Conflict, 1831-1840.
=651  \0$aSyria$xHistory$y1516-1918.
=651  \7$aSyria.$2fast$0(OCoLC)fst01208757
=648  \7$a1516-1918$2fast
=655  \7$aHistory.$2fast$0(OCoLC)fst01411628
=700  1\$6880-04$aRustum, Asad,$d1897-1965.
=700  1\$6880-05$aQarʼalī, Būlus,$d-1952.
=880  00$6245-01/r$aحروب ابراهيم باشا المصري في سوريا والأناضول /$cلمؤرخ مجهول ؛ علق حواشيها ووضع فهارسها الدكتور أسد رستم استاذ التاريخ الشرقي في جامعة بيروت الاميركية ؛ عنيت بنشرها ادارة المجلة السورية.
=880  \1$6264-02/r$aمصر الجديدة :$bالمطبعة السورية بمصر الجديدة،$c1927.
=880  \\$6500-03/r$aحقوق النشر والترجمة محفوظة.
=880  1\$6700-04/r$aرستم، اسد،$d1897-1965.
=880  1\$6700-05/r$aقرألي، بولس،$d1952-.
=999  \\$iUaCaAUL_b13240560$o(OCoLC)ocm25395443$sauc_aco000517
=994  \\$aC0$bZYU

