=LDR  02903cam a2200421Mi 4500
=001  ocm29067702\
=003  OCoLC
=005  20190305074030.0
=008  910920s1952\\\\ua\\\\\\\\\\\\000\0\ara\d
=040  \\$aMNU$beng$erda$cMNU$dOCL$dOCLCG$dOCLCA$dOCLCQ$dOCLCO$dOCLCA$dOCLCF$dOCLCQ$dOCLCO$dMEAUC
=035  \\$a(OCoLC)29067702
=050  \4$aBP135.A2$bS33 1952
=049  \\$aZYUU
=100  1\$6880-01$aSāʻātī, Aḥmad ʻAbd al-Raḥmān al-Bannā.
=245  10$6880-02$aMinḥat al-maʻbūd fī tartīb masnad al-Ṭayālisī Abī Dāwūd, mudhayyalan bi-al-taʻlīq al-maḥmūd ʻalá Minḥat al-maʻbūd /$ckilāhumā taʼlīf al-ʻabd al-khāḍiʻ li-mawlāh afqar al-ʻibād wa-aḥwajahum ilá Allāh Aḥmad ʻAbd al-Raḥmān al-Bannā al-shahīr bi-al-Sāʻātī ṣāḥib kitāb al-fatḥ al-rabbānī wa-khādim al-sunnah al-sanīyah bi-minṭaqat al-rassām raqam 5 bi-shāriʻ al-Muʻiz li-Dīn Allāh bi-Miṣr.
=250  \\$6880-03$aal-Ṭabʻah al-ūlá.
=264  \1$6880-04$a[Cairo] :$bal-Maṭbaʻah al-Munīrīyah bi-al-Azʹhar,$c1372 H [1952 or 1953 M]
=300  \\$a2 volumes in 1 ;$c25 cm
=336  \\$atext$btxt$2rdacontent
=337  \\$aunmediated$bn$2rdamedia
=338  \\$avolume$bnc$2rdacarrier
=500  \\$6880-05$aṬubiʻ ʻalá nafaqat al-muʼallif wa-taṣḥīḥahu wa-ḥuqūq al-ṭabʻ maḥfūẓah lahu.
=500  \\$aIncludes errata.
=650  \0$aHadith$xAuthorities$vEarly works to 1800.
=650  \0$aHadith$xCriticism, interpretation, etc.$vEarly works to 1800.
=650  \0$aHadith scholars$vEarly works to 1800.
=650  \7$aHadith.$2fast$0(OCoLC)fst00950112
=650  \7$aHadith$xAuthorities.$2fast$0(OCoLC)fst00950115
=650  \7$aHadith scholars.$2fast$0(OCoLC)fst00950141
=655  \7$aCriticism, interpretation, etc.$2fast$0(OCoLC)fst01411635
=655  \7$aEarly works.$2fast$0(OCoLC)fst01411636
=880  1\$6100-01$aساعاتي، أحمد عبد الرحمن البنا.
=880  10$6245-02$aمنحة المعبود في ترتيب مسند الطيالسي أبي داود، مذيلا بالتعليق المحمود على منحة المعبود /$cكلاهما تأليف العبد الخاضع لمولاه أفقر العباد وأحوجهم إلى الله أحمد عبد الرحمن البنا الشهير بالساعاتي صاحب كتاب الفتح الرباني وخادم السنة السنية بمنطقة الرسام رقم 5 بشارع المعز لدين الله بمصر.
=880  \\$6250-03$aالطبعة الأولى.
=880  \1$6264-04$a[Cairo] :$bالمطبعة المنيرية بالأزهر،$c1372 ه [1952 أو 1953 م]
=880  \\$6500-05$aطبع على نفقة المؤلف وتصحيحه وحقوق الطبع محفوظة له.
=999  \\$iUaCaAUL_b14376325$o(OCoLC)ocm29067702$sauc_aco000263:2 v. in 1
=994  \\$aC0$bZYU

