=LDR  03766cam a2200649Mi 4500
=001  ocm28784752\
=003  OCoLC
=005  20190305074030.0
=008  920218s1943\\\\ua\f\\\\\b\\\\001\0\araod
=040  \\$aCGU$beng$erda$cCGU$dOCL$dOCLCG$dCUY$dOKU$dOCLCQ$dOCLCF$dOCLCA$dOCLCQ$dZWZ$dOCL$dDHA$dOCLCQ$dOCLCA$dMEAUC
=029  1\$aZWZ$b128410698
=035  \\$a(OCoLC)28784752
=043  \\$af-ua---
=050  \4$aDT95.5$b.I13 M26 1943
=050  \4$aDT95.8$b.I25 1943
=050  \4$aDT95.5$b.I172 1943
=082  0\$a932.02$223
=049  \\$aZYUU
=100  1\$6880-01$aIbn Mammātī, Asʻad ibn al-Muhadhdhab,$d1149-1209.
=240  10$6880-02$aQawānīn al-dawāwīn
=245  10$6880-03$aKitāb Qawānīn al-dawāwīn /$clil-Asʻad ibn Mammātī, al-wazīr al-ayyūbī al-mutawaffá sanat 606 H, 1209 M ; jamaʻahu wa-ḥaqqaqahu ʻAzīz Sūryāl ʻAṭīyah, ustādh tārīkh al-ʻuṣūr al-wusṭá bi-Jāmiʻat Fārūq al-Awwal bi-al-Iskandarīyah.
=264  \1$6880-04$a[Cairo] :$bal-Jamʻīyah al-Zirāʻīyah al-Malakīyah :$bMaṭbaʻt Miṣr,$c1943.
=300  \\$a469 pages, 6 leaves of plates ;$c24 cm
=336  \\$atext$btxt$2rdacontent
=337  \\$aunmediated$bn$2rdamedia
=338  \\$avolume$bnc$2rdacarrier
=500  \\$aTitle page has publisher's logo.
=500  \\$6880-05$aAt head of title: al-Jamʻīyah al-Zirāʻīyah al-Malakīyah al-mashmūlah bi-riʻāyat ṣāḥib al-jalālah al-malik, taʼassasat sanat 1898.
=500  \\$6880-06$aṬubiʻa ʻalá nafaqat al-Jamʻīyah al-Zirāʻīyah al-Malakīyah bi-ishārat ḥaḍrat ṣāḥb al-sumuw al-amīr ʻUmar Ṭūsūn.
=500  \\$aAdded title page title in Roman.
=504  \\$aIncludes bibliographical references and indexes.
=600  37$aAyyubīdes (dynastie).$2ram
=651  \0$aEgypt$xHistory$y640-1250.
=651  \0$aEgypt$xEconomic conditions$y640-1517.
=651  \0$aEgypt$xOfficials and employees.
=650  \0$aAyyubids.
=650  \7$aAyyubids.$2fast$0(OCoLC)fst00824598
=650  \7$aEconomic history.$2fast$0(OCoLC)fst00901974
=650  \7$aEmployees.$2fast$0(OCoLC)fst00909111
=651  \7$aEgypt.$2fast$0(OCoLC)fst01208755
=651  \7$aÉgypte$xPolitique et gouvernement$y12e siècle.$2ram
=651  \7$aÉgypte$xConditions économiques$y12e siècle.$2ram
=651  \7$aÉgypte$xAdministration$y12e siècle.$2ram
=648  \7$a640-1517$2fast
=655  \7$aHistory.$2fast$0(OCoLC)fst01411628
=700  1\$6880-07$aAtiya, Aziz Suryal,$d1898-1988.
=710  2\$6880-08$aJamʻīyah al-Zirāʻīyah al-Malakīyah (Egypt)
=880  1\$6100-01$aإبن مماتي، أسعد بن المهذب،$d1149-1209.
=880  10$6240-02$aقوانين الدواوين
=880  10$6245-03$aكتاب قوانين الدواوين /$cللأسعد بن مماتي، الوزير الأيوبي المتوفى سنة 606 ه، 1209 م ؛ جمعه وحققه عزيز سوريال عطية، أستاذ تاريخ العصور الوسطى بجامعة فاروق الأول بالاسكندرية.
=880  \1$6264-04$a[Cairo] :$bالجمعية الزراعية الملكية :$bمطبعة مصر،$c1943.
=880  \\$6500-05$aAt head of title: الجمعية الزراعية الملكية المشمولة برعاية صاحب الجلالة المل، تأسست سنة 1898.
=880  \\$6500-06$aطبع على نفقة الجمعية الزراعية الملكية بإشارة حضرة صاحب السمو الأمير عمر طوسون.
=880  1\$6700-07$aعطية، عزيز سوريال،$d1898-1988.
=880  2\$6710-08$aجمعية الزراعية الملكية (مصر)
=999  \\$iUaCaAUL_b1266070x$o(OCoLC)ocm28784752$sauc_aco000536
=994  \\$aC0$bZYU

