=LDR  01750cam a2200397Ma 4500
=001  ocm30260564\
=003  OCoLC
=005  20190305074030.0
=007  hd\bfa012baaa
=007  hd\bfa012baba
=007  hd\afa012baca
=008  940404s1922\\\\ua\a\\\\ab\\\\000\0\ara\d
=040  \\$aPUL$beng$cPUL$dOCL$dOCLCF$dOCLCQ$dOCLCO$dEQO$dOCLCO$dOCLCQ
=019  \\$a122879901
=035  \\$a(OCoLC)30260564$z(OCoLC)122879901
=050  \4$aBP320$b.A23 1922
=049  \\$aZYUU
=100  1\$6880-01$aQubʻayn, Salīm.
=245  10$6880-02$aʻAbd al-Bahāʼ wa-al-Bahāʼīyah /$callafahu wa-jamaʻahu Salīm Qubʻayn.
=260  \\$6880-03$aMiṣr :$bMaṭbaʻat al-ʻUmrān,$c1922.
=300  \\$a192 pages :$billustrations ;$c24 cm
=336  \\$atext$btxt$2rdacontent
=337  \\$amicroform$bh$2rdamedia
=338  \\$amicrofilm reel$bhd$2rdacarrier
=504  \\$aIncludes bibliographical references.
=533  \\$aMicrofilm.$bBethlehem, PA :$cMid-Atlantic Preservation Service,$d1993.$e1 microfilm reel ; 35 mm.$f(Princeton University Arabic collection ; cn. 9302176.06. Phase II).$7s1993    paun a
=650  \0$aBahai Faith$vControversial literature.
=650  \7$aBahai Faith.$2fast$0(OCoLC)fst00825445
=655  \7$aControversial literature.$2fast$0(OCoLC)fst01423907
=830  \0$aPrinceton University Arabic collection ;$vcn. 9302176.06.
=830  \0$aPrinceton University Arabic collection.$pPhase II.
=880  1\$6100-01/r$aقبعين، سليم.
=880  10$6245-02/r$aعبد البهاء والبهائية /$cألفه وجمعه سليم قبعين.
=880  \\$6260-03/r$aمصر :$bمطبعة العمران،$c١٩٢٢.
=999  \\$iUaCaAUL_b13719956$o(OCoLC)ocm30260564$sauc_aco000541$e(ERROR-880)(ERROR-MISC)
=994  \\$aC0$bZYU

