=LDR  01646cam a2200397Ii 4500
=001  ocm83535114\
=003  OCoLC
=005  20190305074030.0
=008  840322s1943\\\\ua\c\\\\\b\\\\100\0bara\d
=040  \\$aNN$beng$erda$cNYP$dOCLCG$dOCLCA$dOCLCF$dOCLCQ$dMEAUC
=035  \\$a(OCoLC)83535114
=043  \\$af-ua---
=090  \\$aDT104$b.T48 1943
=049  \\$aZYUU
=100  1\$6880-01$aThābit, Karīm,$eauthor.
=245  10$6880-02$aMuḥammad ʻAlī /$cbi-qalam Karīm Thābit.
=250  \\$6880-03$aal-Ṭabʻah al-thānīyah.
=264  \1$6880-04$aMiṣr :$bMaṭbaʻat al-Maʻārif wa-Maktabatihā,$c1943.
=300  \\$a335 pages :$bportrait ;$c24 cm
=336  \\$atext$btxt$2rdacontent
=337  \\$aunmediated$bn$2rdamedia
=338  \\$avolume$bnc$2rdacarrier
=504  \\$aIncludes bibliographical references (pages 330-332).
=600  00$6880-05$aMuḥammad ʻAlī Bāshā,$cGovernor of Egypt,$d1769-1849.
=600  07$aMuḥammad ʻAlī Bāshā,$cGovernor of Egypt,$d1769-1849.$2fast$0(OCoLC)fst00210721
=651  \0$aEgypt$xHistory$yMohammed Ali, 1805-1849.
=651  \7$aEgypt.$2fast$0(OCoLC)fst01208755
=648  \7$a1805-1849$2fast
=655  \7$aHistory.$2fast$0(OCoLC)fst01411628
=880  1\$6100-01/r$aثابت، كريم.
=880  10$6245-02/r$aمحمد علي /$cبقلم كريم ثابت.
=880  \\$6250-03/r$aالطبعة الثانية.
=880  \1$6264-04/r$aمصر :$bمطبعة المعارف ومكتبتها،$c1943.
=880  04$6600-05/r$aمحمد علي باشا،$cحاكم مصر،$d1769-1849.
=999  \\$iUaCaAUL_b11917519$o(OCoLC)ocm83535114$sauc_aco000492
=994  \\$aC0$bZYU

