=LDR  02576cam a2200433Mi 4500
=001  ocn122823047
=003  OCoLC
=005  20190305074030.0
=008  010625s1921\\\\ua\af\\\\b\\\\000\0cara\d
=040  \\$aNNU$beng$erda$cMEAUC$dOCLCG$dLGG$dOCLCQ$dOCLCA$dOCLCF$dOCLCO$dOCLCQ$dOCL$dOCLCQ$dMEAUC
=035  \\$a(OCoLC)122823047
=043  \\$af-ua---
=050  \4$aDT104$b.G6912 1921
=049  \\$aZYUU
=100  1\$aGouin, Edouard.
=240  10$aL'Égypte au XIXe siècle.$lArabic
=245  10$6880-01$aMiṣr fī al-qarn al-tāsiʻ ʻashar :$bsīrah jāmiʻah li-ḥawādith sākinī al-Jinān Muḥammad ʻAlī Bāshā wa-Ibrāhīm Bāshā wa-al-maghfūr la-hu Sulaymān Bāshā al-Faransī min al-wujūh al-ḥarbīyah wa-al-siyāsīyah wa-al-qaṣaṣīyah /$ctaʼlīf Idwār Juwān ; taʻrīb Muḥammad Masʻūd al-muḥarrir al-fannī bi-Wazārat al-Dākhilīyah.
=250  \\$6880-02$aal-Ṭabʻah al-ūlá.
=264  \1$6880-03$aal-Qāhirah :$b[publisher not identified],$csanat 1340 al-muwāfiqah li-sanat 1921.
=300  \\$a831 pages, 1 unnumbered leafe of color plates :$billustrations ;$c24 cm
=336  \\$atext$btxt$2rdacontent
=337  \\$aunmediated$bn$2rdamedia
=338  \\$avolume$bnc$2rdacarrier
=504  \\$aIncludes bibliographical references.
=651  \0$aEgypt$xHistory$y19th century.
=600  00$aMuḥammad ʻAlī Bāshā,$cGovernor of Egypt,$d1769-1849.
=600  00$aIbrāhīm,$cPasha,$d1789-1848.
=600  07$aIbrāhīm,$cPasha,$d1789-1848.$2fast$0(OCoLC)fst00109393
=600  07$aMuḥammad ʻAlī Bāshā,$cGovernor of Egypt,$d1769-1849.$2fast$0(OCoLC)fst00210721
=651  \7$aEgypt.$2fast$0(OCoLC)fst01208755
=648  \7$a1800-1899$2fast
=655  \7$aHistory.$2fast$0(OCoLC)fst01411628
=700  1\$6880-04$aMasʻūd, Muḥammad.
=880  10$6245-01$aمصر في القرن التاسع عشر :$bسيرة جامعة لحوادث ساكني الجنان محمد علي باشا وإبراهيم باشا والمغفور له سليمان باشا الفرنسي من الوجوه الحربية والسياسية والقصصية /$cتأليف ادوار جوان ؛ تعريب محمد مسعود المحرر الفني بوزارة الداخلية.
=880  \\$6250-02$aالطبعة الأولى.
=880  \1$6264-03$aالقاهرة :$b[publisher not identified]،$cسنة 1340 الموافقة لسنة 1921.
=880  1\$6700-04$aمسعود، محمد.
=999  \\$iUaCaAUL_b1200408x$o(OCoLC)ocn122823047$sauc_aco000519$e(ERROR-880)
=994  \\$aC0$bZYU

