=LDR  01301cam a2200337Ii 4500
=001  ocn122796633
=003  OCoLC
=005  20190305074030.0
=008  000217s1952\\\\ua\\\\\\\\\\\\000\0\ara\d
=040  \\$aUaCaAUL$beng$erda$cMEAUC$dOCLCF$dOCLCO$dOCLCQ$dMEAUC$dOCLCQ
=035  \\$a(OCoLC)122796633
=043  \\$af-ua---
=050  \4$aDT70$b.K5 1952
=049  \\$aZYUU
=100  1\$6880-01$aKhālid, Khālid Muḥammad.
=245  10$6880-02$aMin hunā -- nabdaʼ /$cKhālid Muḥammad Khālid.
=250  \\$6880-03$aal-Ṭabʻah al-sādisah.
=264  \1$6880-04$a[Place of publication not identified] :$bDār al-Fikr al-ʻArabī,$c1952.
=300  \\$a201 pages ;$c19 cm
=336  \\$atext$btxt$2rdacontent
=337  \\$aunmediated$bn$2rdamedia
=338  \\$avolume$bnc$2rdacarrier
=651  \0$aEgypt$xSocial policy.
=650  \7$aSocial policy.$2fast$0(OCoLC)fst01122738
=651  \7$aEgypt.$2fast$0(OCoLC)fst01208755
=880  1\$6100-01$aخالد، خالد محمد.
=880  10$6245-02$aمن هنا -- نبدأ /$cخالد محمد خالد.
=880  \\$6250-03$aالطبعة السادسة.
=880  \1$6264-04$a[Place of publication not identfied] :$bدار الفكر العربي،$c1952.
=999  \\$iUaCaAUL_b12417026$o(OCoLC)ocn122796633$sauc_aco000414
=994  \\$aC0$bZYU

