=LDR  01730cam a2200445Ii 4500
=001  ocn499071272
=003  OCoLC
=005  20190305074030.0
=008  900309s1938\\\\ua\a\\\\\b\\\\000\p\ara\d
=040  \\$aUKMGB$beng$erda$cUKMGB$dOCLCF$dOCLCO$dOCLCQ$dOCL$dMEAUC$dOCL$dOCLCQ
=016  7\$a007979745$2Uk
=035  \\$a(OCoLC)499071272
=043  \\$af-ua---
=050  \4$aPJ7826.H336$bW37 1938
=049  \\$aZYUU
=100  1\$6880-01$aGhāyātī, ʻAlī,$d-1956,$eauthor.
=245  10$6880-02$aWaṭanīyatī /$cbi-qalam ʻAlī al-Ghayātī.
=250  \\$6880-03$aal-Ṭabʻah al-thānīyah.
=264  \1$6880-04$aMiṣr :$bMaṭbaʻat ʻAṭāyā,$c1938.
=300  \\$a143 pages :$billustrations ;$c19 cm
=336  \\$atext$btxt$2rdacontent
=337  \\$aunmediated$bn$2rdamedia
=338  \\$avolume$bnc$2rdacarrier
=500  \\$aIncludes Errata page.
=504  \\$aIncludes bibliographical references.
=650  \0$aPolitical poetry, Arabic$zEgypt.
=650  \0$aPatriotic poetry, Arabic$zEgypt.
=651  \0$aEgypt$xPolitics and government$y1882-1952.
=650  \7$aPatriotic poetry, Arabic.$2fast$0(OCoLC)fst01055126
=650  \7$aPolitical poetry, Arabic.$2fast$0(OCoLC)fst01069522
=650  \7$aPolitics and government.$2fast$0(OCoLC)fst01919741
=651  \7$aEgypt.$2fast$0(OCoLC)fst01208755
=648  \7$a1882-1952$2fast
=880  1\$6100-01/r$aغاياتي، علي،$d- 1956.
=880  10$6245-02/r$aوطنيتي /$cبقلم علي الغياتي.
=880  \\$6250-03/r$aالطبعة الثانية.
=880  \1$6264-04/r$aمصر :$bمطبعة عطايا،$c1938.
=886  2\$2ukmarc$a967$b00$gx
=999  \\$iUaCaAUL_b11392496$o(OCoLC)ocn499071272$sauc_aco000418
=994  \\$aC0$bZYU

