=LDR  01739cam a2200385Ii 4500
=001  ocm09752831\
=003  OCoLC
=005  20190305074030.0
=008  830729s1947\\\\ua\bh\\\\b\\\\000\0\ara\d
=010  \\$ane 67001297 
=040  \\$aIXA$beng$erda$cIXA$dOCLCQ$dEQO$dOCLCF$dOCLCQ$dIUL$dOCL$dMEAUC
=019  \\$a43261353$a222647904
=029  1\$aNLGGC$b191583367
=035  \\$a(OCoLC)9752831$z(OCoLC)43261353$z(OCoLC)222647904
=043  \\$af-sj---
=050  \4$aDT156.6$b.S54 1947
=050  \4$aDT108$b.S54
=049  \\$aZYUU
=100  1\$6880-01$aShukrī, Muḥammad Fuʼād,$eauthor.
=245  13$6880-02$aal-Ḥukm al-Miṣrī fī al-Sūdān 1820-1885 /$cMuḥammad Fuʼād Shukrī Ustādh al-tārīkh al-ḥadīth al-musāʻid bi-Kullīyat al-Ādāb bi-Jāmiʻat Fuʼād al-Awwal.
=264  \1$6880-03$a[al-Qāhirah] :$bDār al-Fikr al-ʻArabī,$c1947.
=300  \\$a432 pages, 4 folded plates :$bmaps, facsimiles ;$c24 cm
=336  \\$atext$btxt$2rdacontent
=337  \\$aunmediated$bn$2rdamedia
=338  \\$avolume$bnc$2rdacarrier
=504  \\$aIncludes bibliographical references (pages 419-432).
=651  \0$aSudan$xHistory$y1821-
=651  \7$aSudan.$2fast$0(OCoLC)fst01204591
=648  \7$aSince 1821$2fast
=655  \7$aHistory.$2fast$0(OCoLC)fst01411628
=880  1\$6100-01$aشكري، محمد فؤاد.
=880  12$6245-02$aالحكم المصري في السودان 1820-1885 /$cمحمد فؤاد شكري أستاذ التاريخ الحديث المساعد بكلية الآداب بجامعة فؤاد الأول.
=880  \1$6264-03$a[القاهرة] :$bدار الفكر العربي،$c1947.
=999  \\$iUaCaAUL_b1289445x$o(OCoLC)ocm09752831$sauc_aco000413
=994  \\$aC0$bZYU

