=LDR  07499cam a22005411i 4500
=001  ocm14348582\
=003  OCoLC
=005  20190305074030.0
=008  861006m19351956iq\f\\\\\b\\\\001\0\ara\\
=010  \\$a   61020358 
=040  \\$aDLC$beng$erda$cWAU$dDLC$dIUL$dOCLCF$dOCLCQ$dMEAUC
=019  \\$a875010638
=029  1\$aAU@$b000023772018
=035  \\$a(OCoLC)14348582$z(OCoLC)875010638
=041  0\$aara$afre
=043  \\$aa-iq---
=050  00$aDS77$b.A9 1935
=049  \\$aZYUU
=100  1\$6880-01$aʻAzzāwī, ʻAbbās.
=245  10$6880-02$aTārīkh al-ʻIrāq bayna iḥtilālayn /$cal-muḥāmī ʻAbbās al-ʻAzzāwī =$bHistoire de l'Irâq entre deux occupations / par Mre Abbas Azzaoui.
=246  31$aHistoire de l'Irâq entre deux occupations
=264  \1$6880-03$aBaghdād :$bMaṭbaʻat Baghdād,$c1353, 1935-1376, 1956.
=300  \\$a8 volumes (3378 pages, 110 leaves of plates, 3 unnumbered leaves of plates) ;$c26 cm
=336  \\$atext$btxt$2rdacontent
=337  \\$aunmediated$bn$2rdamedia
=338  \\$avolume$bnc$2rdacarrier
=500  \\$6880-04$aVolumes 2, 3 : al-Ṭabʻah al-ūlá.
=500  \\$6880-05$aḤuqūq al-ṭabʻ maḥfūẓah.
=500  \\$aIncludes errata pages.
=500  \\$6880-06$aVolumes 6-8: Sāʻadat Wazārat al-Maʻārif ʻalá nashr hādhā al-kitāb.
=500  \\$6880-07$aVolumes 4-8: Ṭabʻ Sharikat al-Tijārah wa-al-Ṭibāʻah al-Maḥdūdah.
=504  \\$aIncludes bibliographical references and indexes.
=505  1\$6880-08$a(1) Ḥukūmat al-Maghūl, 656 H., 1258 M.-738 H., 1338 M. -- (2) Ḥukūmat al-Jalāyarīyah, min sanat 739 H.,1338 M. ilá sanat 814 H., 1411 M. -- (3) al-Ḥukūmah al-Turkumānīyah, 814 H., 1338 M.-941 H., 1534 M. -- (4) al-ʻAhd al-ʻUthmānī al-awwal, 941 H., 1534 M.-1048 H., 1638 M. yatanāwal al-waqāʼiʻ al-tārīkhīyah, wa-al-ṣilāt bayna al-aqṭār, wa-al-tashkīlāt al-idārīyah, wa-al-thaqāfah al-ʻāmmah, wa-yalīhi mulḥaq fī al-mustadrakāt wa-al-taʻlīqāt. -- (5) al-ʻAhd al-ʻUthmānī al-thānī, 1049 H., 1639 M.-1163 H., 1750 M. yatanāwal al-ḥawādith al-tārīkhīyah, wa-al-ṣilāt bayna al-aqṭār, wa-al-tashkīlāt al-idārīyah, wa-al-thaqāfah al-ʻāmmah, wa-al-ḥālāt al-ijtimāʻīyah, wa-yalīhi mulḥaq fī al-mustadrakāt wa-al-taʻlīqāt maʻa fahāris ʻadīdah. -- (6) Ḥukūmat al-Mamālīk, min sanat 1162 H., 1749 M. ilá sanat 1247 H., 1831 M. yatanāwal al-ḥawādith al-tārīkhīyah, wa-al-ṣilāt bayna al-aqṭār, wa-al-tashkīlāt al-idārīyah, wa-al-thaqāfah al-ʻāmmah, wa-al-ḥālāt al-ijtimāʻīyah, wa-yalīhi mulḥaq fī al-mustadrakāt wa-al-taʻlīqāt maʻa fahāris ʻadīdah. -- (7) al-ʻAhd al-ʻUthmānī al-thālith, min sanat 1247 H., 1831 M. ilá sanat 1289 H., 1872 M. yataḍamman al-shaṭr al-awwal min tārīkhinā al-ḥadīth min bidʼ Wizārat ʻAlī Riḍā Bāshā al-Lāz ilá ākhir ayyām Midḥat Bāshā, wa-fīhi waqāʼiʻ tārīkhīyah, wa-siyāsīyah dākhilīyah, wa-ṣilāt khārijīyah, wa-aḥwāl thaqāfīyah, wa-fī ākhirihi mustadrakāt wa-taʻlīqāt maʻa fahāris ʻadīdah. -- (8) al-ʻAhd al-ʻUthmānī al-akhīr, min sanat 1289 H., 1872 M.-1335 H., 1917 M. yataḍamman al-shaṭr al-thānī min tārīkhinā al-ḥadīth wa-fīhi min al-ḥawādith al-tārīkhīyah limā baʻda Midḥat Bāshā, wa-bayān al-ʻilāqāt bi-al-mujāwirīn wa-bi-al-thaqāfah wa-fīhi min al-waqāʼiʻ al-siyāsīyah iʻlān al-dustūr wa-al-ḥarb al-ʻāmmah al-ūlá ḥattá iḥtilāl Baghdād, wa-yalīhi taʻlīqāt wa-istidrākāt maʻa fahāris ʻadīdah.
=651  \0$aIraq$xHistory.
=651  \7$aIraq.$2fast$0(OCoLC)fst01205757
=655  \7$aHistory.$2fast$0(OCoLC)fst01411628
=776  08$iOnline version:$aʻAzzāwī, ʻAbbās.$tTārīkh al-ʻIrāq bayna iḥtilālayn.$d[Baghdād] Maṭbaʻat Baghdād, 1353-1376/1935-1956$w(OCoLC)555193220
=776  08$iOnline version:$aʻAzzāwī, ʻAbbās.$tTārīkh al-ʻIrāq bayna iḥtilālayn.$d[Baghdād] Maṭbaʻat Baghdād, 1353-1376/1935-1956$w(OCoLC)608543875
=880  1\$6100-01/r$aعزاوي ،عباس.
=880  10$6245-02/r$aتاريخ العراق بين احتلالين /$cالمحامي عباس العزاوي.
=880  \1$6264-03/r$aبغداد :$bمطبعة بغداد،$c1353، 1935-1376، 1956.
=880  \\$6500-04/r$aVolumes 2، 3 : الطبعة الأولى.
=880  \\$6500-05/r$aحقوق الطبع محفوظة.
=880  \\$6500-06/r$aVolumes 6-8: ساعدت وزارة المعارف على نشر هذه الكتاب.
=880  \\$6500-07/r$aVolumes 4-8: طبع شركة التجارة والطباعة المحدودة.
=880  1\$6505-08/r$a(1) حكومة المغول، 656 ه.، 1258 م.-738 ه.، 1338 م. -- (2) حكومة الجلايرية، من سنة 739 ه.،1338 م. الى سنة 814 ه.، 1411 م. -- (3) الحكومة التركمانية، 814 ه.، 1338 م.-941 ه.، 1534 م. -- (4) العهد العثماني الأول، 941 ه.، 1534 م.-1048 ه.، 1638 م. يتناول الوقائع التاريخية، والصلات بين الاقطار، والتشكيلات الادارية، والثقافة العامة، ويليه ملحق في المستدركات والتعليقات. -- (5) العهد العثماني الثاني، 1049 ه.، 1639 م.-1163 ه.، 1750 م. يتناول الحوادث التاريخية، والصلات بين الاقطار، والتشكيلات الادارية، والثقافة العامة، والحالات الاجتماعية، ويليه ملحق في المستدركات والتعليقات مع فهارس عديدة. -- (6) حكومة المماليك، من سنة 1162 ه.، 1749 م. الى سنة 1247 ه.، 1831 م. يتناول الحوادث التاريخية، والصلات بين الأقطار، والتشكيلات الادارية، والثقافة العامة، والحالات الاجتماعية، ويليه ملحق في المستدركات والتعليقات مع فهارس عديدة. -- (7) العهد العثماني الثالث، من سنة 1247 ه.، 1831 م. الى سنة 1289 ه.، 1872 م. يتضمن الشطر الأول من تاريخنا الحديث من بدء وزارة علي رضا باشا اللاز الى آخر ايام مدحت باشا، وفيه وقائع تاريخية، وسياسية داخلية، وصلات خارجية، واحوال ثقافية، وفي آخره مستدركات وتعليقات مع فهارس عديدة. -- (8) العهد العثماني الأخير، من سنة 1289 ه.، 1872 م.-1335 ه.، 1917 م. يتضمن الشطر الثاني من تاريخنا الحديث وفيه من الحوادث التاريخية لما بعد مدحت باشا، وبيان العلاقات بالمجاورين وبالثقافة وفيه من الوقائع السياسية اعلان الدستور والحرب العامة الأولى حتى احتلال بغداد، ويليه تعليقات واستدراكات مع فهارس عديدة.
=999  \\$iUaCaAUL_b13703857$o(OCoLC)ocm14348582$sauc_aco000480:v.1$sauc_aco000481:v.2$sauc_aco000482:v.3$sauc_aco000483:v.4$sauc_aco000484:v.5$sauc_aco000485:v.6$sauc_aco000486:v.7$sauc_aco000487:v.8$e(ERROR-880)
=994  \\$aC0$bZYU

