=LDR  01717cam a2200349Ii 4500
=001  on1012397515
=003  OCoLC
=005  20190305074030.0
=008  171120nuuuuuuuuua\\\\\\\\\\\\000\0\ara\d
=040  \\$aMEAUC$beng$erda$cMEAUC$dOCLCF$dOCLCA$dEUM
=035  \\$a(OCoLC)1012397515
=050  \4$aDT70$b.H22
=049  \\$aZYUU
=100  1\$6880-01$aḤāfiẓ Ibrāhīm, Muḥammad,$d1872?-1932.
=245  10$6880-02$aLayālī saṭīḥ /$cli-munshiʼihi Muḥammad Ḥāfiẓ Ibrāhīm.
=260  \\$6880-03$aMiṣr :$bMaṭbaʻat Muḥammad Muḥammad Maṭar,$c[19--]
=264  \1$6880-04$aMiṣr :$bMaṭbaʻat Muḥammad Muḥammad Maṭar bi-al-Ḥamzāwī bi-Miṣr,$c[date of publication not identified]
=300  \\$a128 pages ;$c20 cm
=336  \\$atext$btxt$2rdacontent
=337  \\$aunmediated$bn$2rdamedia
=338  \\$avolume$bnc$2rdacarrier
=500  \\$6880-05$aṬubiʻ ʻalá nafaqat ʻAbd alʻĀl Aḥmad Ḥamdān bi-idhn min al-muʼallaif.
=651  \0$aEgypt$xCivilization.
=650  \7$aCivilization.$2fast$0(OCoLC)fst00862898
=651  \7$aEgypt.$2fast$0(OCoLC)fst01208755
=880  1\$6100-01/r$aحافظ إبراهيم، محمد،$d1872-؟1932.
=880  10$6245-02/r$aليالي سطيح /$cلمنشئه محمد حافظ ابراهيم.
=880  \\$6260-03/r$aمصر :$bمطبعة محمد محمد مطر،$c[19--]
=880  \1$6264-04/r$aمصر :$bمطبعة محمد محمد مطر بالحمزاوي بمصر،$c[date of publication not identified]
=880  \\$6500-05/r$aطبع على نفقة عبد العال احمد حمدان باذن من المؤلف.
=999  \\$iUaCaAUL_b12649557$o(OCoLC)on1012397515$sauc_aco000522$e(ERROR-880)
=994  \\$aC0$bZYU

