=LDR  02277cam a2200397Ii 4500
=001  ocm23521383\
=003  OCoLC
=005  20190305074030.0
=008  890927s1930\\\\ua\a\\\\\\\\\\000\0\araod
=040  \\$aEYM$beng$erda$cEYM$dOCLCQ$dOCLCF$dOCLCQ$dOCLCO$dMEAUC
=035  \\$a(OCoLC)23521383
=043  \\$af-ua---
=050  \4$aDT73$b.T3 S52
=049  \\$aZYUU
=100  1\$6880-01$aShawqī, Ḥasan,$eauthor.
=245  13$6880-02$aal-Kharīdah al-ʻjībah fī aṭlāl Ṭībah :$badab wa-tārīkh /$ctaʼlīf Ḥasan Shawqī, wakīl al-Madrasah al-Ibrāhīmīyah al-Thānwīyah al-Amīrīyah.
=250  \\$6880-03$aal-Ṭabʻah al-ūlá.
=264  \1$6880-04$aal-Qāhirh :$bal-Maṭbaʻah al-Ḥadīthah,$c1930.
=300  \\$a159 pages :$billustrations ;$c22 cm
=336  \\$atext$btxt$2rdacontent
=337  \\$aunmediated$bn$2rdamedia
=338  \\$avolume$bnc$2rdacarrier
=500  \\$aIncludes Errata page.
=500  \\$6880-05$a"Tuṭlab hādhihi al-kutub min Maktabat al-Hilāl bi-al-Fajjālah wa-min al-Maktabah al-Ḥadīthah bi-Shāriʻ Khayrat wa-min Maktabat Amīn Hindīyah bi-al-Mūskī bi-al-Qāhirah wa-min al-makātib al-shahīrah" -- Page 159.
=500  \\$6880-06$aḤuqūq al-ṭabʻ maḥfūẓah lil-muʼalliif.
=651  \0$aThebes (Egypt : Extinct city)$xAntiquities.
=650  \7$aAntiquities.$2fast$0(OCoLC)fst00810745
=651  \7$aEgypt$zThebes (Extinct city)$2fast$0(OCoLC)fst01897333
=880  1\$6100-01$aشوقى، حسن.
=880  12$6245-02$aالخريدة العجيبة في أطلال طيبة :$bأدب وتاريخ /$cتأليف حسن شوقي، وكيل المدرسة الإبراهيمية الثانوية الأميرية.
=880  \\$6250-03$aالطبعة الأولى.
=880  \1$6264-04$aالقاهرة :$bالمطبعة الحديثة،$c1930.
=880  \\$6500-05$a"تطلب هذه الكتب من مكتبة الهلال بالفجالة ومن المكتبة الحديثة بشارع خيرت ومن مكتبة أمين هندية بالموسكي بالقاهرة ومن المكاتب الشهيرة" -- Page 159.
=880  \\$6500-06$aحقوق الطبع محفوظة للمؤلف.
=999  \\$iUaCaAUL_b12618147$o(OCoLC)ocm23521383$sauc_aco000446
=994  \\$aC0$bZYU

