=LDR  02807cam a2200397Mi 4500
=001  ocn122955521
=003  OCoLC
=005  20190305074030.0
=008  020613s1953\\\\ua\a\\\\\\\\\\000\0\ara\d
=040  \\$aUaCaAUL$beng$erda$cMEAUC$dOCLCO$dOCLCQ$dMEAUC$dOCLCF
=035  \\$a(OCoLC)122955521
=043  \\$af-ua---
=050  \4$aDT107.83$b.H38 1953
=049  \\$aZYUU
=100  1\$6880-01$aḤassūnah, Muḥammad Amīn.
=245  10$6880-02$a23 Yūliyah, thawrat al-taḥrīr fī ʻām :$bsijill tārīkhī kāmil wa-ʻarḍ shāmil li-thawrat al-taḥrīr wa-bawāʻithihā, wa-taḥlīl li-shakhsīyat al-raʼīs Muḥammad Najīb wa-ṣaḥbihi al-abṭāl, wa-mā sannatahu ḥukūmat al-thawrah fī madá ʻām, min tashrīʻāt wa-ḥarakat iṣlāḥ, wa-taḥrīr Miṣr min al-malakīyah wa-nayr al-shaqāʼ, wa-al-istiʻbād al-siyāsie wa-al-iqtiṣādī wa-al-ijtimāʻī wa-iʻlān al-Jumhūrīyah /$cbi-qalam Muḥammad Amīn Ḥassūnah.
=246  3\$6880-03$aThalāthah wa-ʻushrūn Yūliyah
=264  \1$6880-04$aal-Qāhirah :$bJarīdah al-Ṣabāḥ,$c[1953].
=300  \\$a146 pages :$billustrations ;$c21 cm
=336  \\$atext$btxt$2rdacontent
=337  \\$aunmediated$bn$2rdamedia
=338  \\$avolume$bnc$2rdacarrier
=500  \\$6880-05$aAkhrajatahu wa-ṭabaʻatahu jarīdat ((al-Ṣabāḥ)) bi-al-Qāhirah ʻalá nafaqatihā wa-ḥuqūq al-ṭabʻ wa-al-nashr wa-al-naql maḥfūẓah bi-ismihā.
=500  \\$aDate concluded from introduction.
=651  \0$aEgypt$xHistory$y1952-
=651  \0$aEgypt$xPolitical and government$y1882-1952.
=651  \7$aEgypt.$2fast$0(OCoLC)fst01208755
=648  \7$aSince 1882$2fast
=655  \7$aHistory.$2fast$0(OCoLC)fst01411628
=880  1\$6100-01/r$aحسونة، محمد أمين.
=880  10$6245-02/r$a23 يولية، ثورة التحرير في عام :$bسجل تاريخي كامل وعرض شامل لثورة التحرير وبواعثها، وتحليل لشخصية الرئيس محمد نجيب وصحبه الابطال، وما سنته حكومة الثورة في مدى عام، من تشريعات وحركة اصلاح، وتحرير مصر من الملكية ونير الشقاء، والاستعباد السياسي والاقتصادي والاجتماعى واعلان الجمهورية /$cبقلم محمد أمين حسونة.
=880  3\$6246-03/r$aثلاثة وعشرون يوليه
=880  \1$6264-04/r$aالقاهرة :$bجريدة الصباح،$c[1953].
=880  \\$6500-05/r$aأخرجته وطبعته جريدة ((الصباح)) بالقاهرة على نفقتها وحقوق الطبع والنشر والنقل محفوظة باسمها.
=999  \\$iUaCaAUL_b1283340x$o(OCoLC)ocn122955521$sauc_aco000448
=994  \\$aC0$bZYU

