=LDR  01976cam a2200361Ii 4500
=001  on1022834850
=003  OCoLC
=005  20190305074030.0
=008  180212s1869\\\\ua\\\\\\\\\\\\000\0\araod
=040  \\$aMEAUC$beng$erda$cMEAUC$dMEAUC$dOCLCF
=035  \\$a(OCoLC)1022834850
=090  \\$aBP183.6$b.F37X 1869
=049  \\$aZYUU
=100  1\$6880-01$aFashnī, Aḥmad ibn Ḥijāzī,$eauthor.
=240  00$6880-02$aTuḥfat al-ikhwān fī qirāʼat al-mīʻād fī Rajab wa-Shaʻbān wa-Ramaḍān
=245  10$6880-03$aKitāb tuḥfat al-ikhwān fī qirāʼat al-mīʻād fī Rajab wa-Shaʻbān wa-Ramaḍān /$ctaʼlīf al-shaykh al-imām al-ʻālim al-humām Shihāb al-Dīn Aḥmad ibn Ḥijāzī al-Fashnī.
=264  \3$6880-04$aMiṣr :$biltazam ṭabʻahā al-shaykh Muḥammad al-Ṭūbī bi-al-Maṭbaʻah al-Kāstlīyah,$c1286 H., [1869 M.]
=300  \\$a4, 228 pages ;$c24 cm
=336  \\$atext$btxt$2rdacontent
=337  \\$aunmediated$bn$2rdamedia
=338  \\$avolume$bnc$2rdacarrier
=650  \0$aIslamic sermons.
=650  \0$aRamadan sermons.
=650  \0$aIslamic preaching.
=650  \7$aIslamic preaching.$2fast$0(OCoLC)fst00980042
=650  \7$aIslamic sermons.$2fast$0(OCoLC)fst00980058
=650  \7$aRamadan sermons.$2fast$0(OCoLC)fst01089666
=880  1\$6100-01/r$aفشني، أحمد بن حجازي.
=880  00$6240-02/r$aتحفة الإخوان في قراءة الميعاد في رجب وشعبان ورمضان
=880  10$6245-03/r$aكتاب تحفة الإخوان في قراءة الميعاد في رجب وشعبان ورمضان /$cتأليف الشيخ الإمام العالم الهمام شهاب الدين أحمد بن حجازي الفشني.
=880  \3$6264-04/r$aمصر :$bالتزم طبعها الشيخ محمد الطوبي بالمطبعة الكاستلية،$c[1869 م.]، 1286 هـ.
=999  \\$iUaCaAUL_b14416761$o(OCoLC)on1022834850$sauc_aco000556
=994  \\$aC0$bZYU

