=LDR  02286cam a2200397Ii 4500
=001  ocm11230254\
=003  OCoLC
=005  20190305074030.0
=008  841004s1933\\\\ua\ch\\\\\\\\\000\0\ara\d
=040  \\$aIXA$beng$erda$cIXA$dOCLCG$dOCLCQ$dOCLCO$dOCLCQ$dOCLCF$dOCLCQ$dMEAUC$dOCL$dOCLCO
=035  \\$a(OCoLC)11230254
=050  \4$aDT107.2.A3$bK5 1933
=050  \4$aPJ7808.S5$bZ75 1933
=049  \\$aZYUU
=100  1\$6880-01$aKīlānī, ʻAbd al-Ḥamīd.
=245  10$6880-02$aMuḥammad Abū Shādī :$bdirāsah adabīyah tārīkhīyah /$cjamaʻa mawādd al-kitāb al-Sayyid ʻAbd al-Ḥamīd al-Kīlānī, wa-ʻAbd al-Ḥafīẓ al-Rūbī.
=250  \\$6880-03$aal-Ṭabʻah al-ūlá, muzayyanah bi-ṣuwar tārīkhīyah.
=264  \1$6880-04$aal-Qāhirah :$bMaṭbaʻat Ḥijāzī bi-jiwār qism al-Jamālīyah bi-al-Qāhirah,$c1933.
=264  \4$c©1933.
=300  \\$a144 pages :$bfacsimiles, photos ;$c24 cm
=336  \\$atext$btxt$2rdacontent
=337  \\$aunmediated$bn$2rdamedia
=338  \\$avolume$bnc$2rdacarrier
=500  \\$6880-05$aḤuqū̄q al-ṭabʻ maḥūẓah, wa-qadd khuṣṣiṣa jānib min dakhl hādhā al-kitāb lil-ʻināyah bi-āthār al-mutarjam la-hu.
=600  10$aAbū Shādī, Aḥmad Zakī,$d1892-1955.
=600  17$aAbū Shādī, Aḥmad Zakī,$d1892-1955$2fast$0(OCoLC)fst00129127
=700  1\$6880-06$aRūbī, ʻAbd al-Ḥafīẓ.
=880  1\$6100-01$aكيلاني، عبد الحميد.
=880  00$6245-02$aمحمد ابو شادي :$bدراسة ادبية تاريخية /$cجمع مواد الكتاب السيد عبد الحميد الكيلاني، وعبد الحفيظ الروبي.
=880  \\$6250-03$aالطبعة الأولى، مزينة بصور تاريخية.
=880  \1$6264-04$aالقاهرة :$bمطبعة حجازي بجوار قسم الجمالية بالقاهرة،$c1933.
=880  \\$6500-05$aحقوق الطبع محوظة، وقد خصص جانب من دخل هذا الكتاب للعناية بآثار المترجم له.
=880  14$6600-00$aابو شادي، محمد،,$d1864-1925.
=880  1\$6700-06$aروبي، عبد الحفيظ.
=999  \\$iUaCaAUL_b12502789$o(OCoLC)ocm11230254$sauc_aco000357$e(ERROR-880)
=994  \\$aC0$bZYU

