=LDR  02128cam a2200421Mi 4500
=001  ocn318939031
=003  OCoLC
=005  20190305074030.0
=008  991103nuuuuuuuuua\a\\\\\\\\\\000\0\ara\d
=040  \\$aMEAUC$beng$erda$cMEAUC$dYUS$dOCLCQ$dOCLCF$dOCLCO$dMEAUC
=035  \\$a(OCoLC)318939031
=043  \\$af-ua---
=050  \4$aDT61$b.L4125
=050  \4$aDT61$b.L433125 1924
=049  \\$aZYUU
=100  1\$6880-01$aLe Bon, Gustave,$d1841-1931.
=240  00$aCivilisation des Arabes.$lArabic
=245  13$6880-02$aal-Ḥaḍārah al-Miṣrīyah /$ctaʼlīf al-ʻallāmah al-ḥakīm Jūstāv Lū Būn ; ʻarrabahu min al-Afrinsīyah M. ṣādiq Rustum muḥarrir bi-Jarīdat al-Balāgh.
=264  \1$6880-03$aMiṣr :$bʻUnya bi-nashrihi Ilyās Anṭūn Ilyās ṣāḥib al-Maṭbaʻah al-ʻAṣrīyah bi-Miṣr,$c[date of publication not identified]
=300  \\$a158 pages :$billustrations ;$c24 cm
=336  \\$atext$btxt$2rdacontent
=337  \\$aunmediated$bn$2rdamedia
=338  \\$avolume$bnc$2rdacarrier
=500  \\$6880-04$aJamiʻ al-ḥuqūq maḥfūẓah li-nāshir al-kitāb.
=651  \0$aEgypt$xCivilization.
=651  \0$aEgypt$xHistory$yTo 640 A.D.
=650  \7$aCivilization.$2fast$0(OCoLC)fst00862898
=651  \7$aEgypt.$2fast$0(OCoLC)fst01208755
=648  \7$aTo 640$2fast
=655  \7$aHistory.$2fast$0(OCoLC)fst01411628
=700  1\$6880-05$aRustum, Muḥammad Ṣādiq.
=880  1\$6100-01/r$aلو بون، غوستاڤ،$d1841-1931.
=880  12$6245-02/r$aالحضارة المصرية /$cتأليف العلامة الحكيم جوستاڤ لو بون ؛ عربه من الافرنسية م. صادق رستم محرر بجريدة البلاغ.
=880  \1$6264-03/r$aمصر :$bعني بنشره الياس انطون الياس صاحب المطبعة العصرية بمصر،$c[date of publication not identified]
=880  \\$6500-04/r$aجمع الحقوق محفوظة لناشر الكتاب.
=880  1\$6700-05/r$aرستم، محمد صادق.
=999  \\$iUaCaAUL_b12359038$o(OCoLC)ocn318939031$sauc_aco000511$e(ERROR-880)
=994  \\$aC0$bZYU

