=LDR  01356cam a2200313M  4500
=001  ocm23508142\
=003  OCoLC
=005  20190305074030.0
=008  890925s1955\\\\xx\\\\\\\\\\\\000\0\ara\d
=040  \\$aEYM$beng$cEYM$dOCLCQ$dOCLCF$dOCLCQ$dOCLCO
=035  \\$a(OCoLC)23508142
=050  \4$aBP165$b.K452 1955
=049  \\$aZYUU
=100  1\$6880-01$aKhafājī, Muḥammad ʻAbd al-Munʻim. 
=245  13$6880-02$aal-Islām Dīn al-insānīyah al-khālid.
=264  \\$6880-03$aal-Qāhirah: $b[publisher not identified],$c1955.
=300  \\$a319 pages$c24 cm
=336  \\$atext$btxt$2rdacontent
=337  \\$aunmediated$bn$2rdamedia
=338  \\$avolume$bnc$2rdacarrier
=650  \0$aIslam.
=650  \7$aIslam.$2fast$0(OCoLC)fst00979776
=776  08$iOnline version:$aKhafājī, Muḥammad ʻAbd al-Munʻim.$tIslām Dīn al-insānīyah al-khālid.$d1955$w(OCoLC)555340606
=776  08$iOnline version:$aKhafājī, Muḥammad ʻAbd al-Munʻim.$tIslām Dīn al-insānīyah al-khālid.$d1955$w(OCoLC)609175249
=880  1\$6100-01/r$aخفاجي، محمد عبد المنعم. 
=880  12$6245-02/r$aالاسلام دين الانسانية الخالد.
=880  \\$6264-03/r$aالقاهره: $b[publisher not identified]،$c1955.
=999  \\$iUaCaAUL_b14391004$o(OCoLC)ocm23508142$sauc_aco000274$e(ERROR-880)
=994  \\$aC0$bZYU

