=LDR  01855cam a2200325Ii 4500
=001  ocm23488029\
=003  OCoLC
=005  20190305074030.0
=008  860814s1955\\\\ua\\\\\\\\\\\\000\0\arard
=040  \\$aEYM$beng$erda$cEYM$dOCLCQ$dOCLCG$dOCLCQ$dOCLCF$dOCLCQ$dOCLCO$dMEAUC
=035  \\$a(OCoLC)23488029
=043  \\$an-us---
=050  \4$aE169$b.M23 1955
=049  \\$aZYUU
=100  1\$6880-01$aMaḥmūd, Zakī Najīb,$d1905-$eauthor.
=245  10$6880-02$aAyyām fī Amrīkā /$ctaʼlīf Zakī Najīb Maḥmūd ustādh al-falsafah bi-Jāmiʻat al-Qāhirah wa-ustādh zāʼir bi-Jāmiʻataī Kārūlāynā al-Janūbīyah wa-Wilāyat Washnṭun bi-al-Wilāyāt al-Muttaḥidah.
=264  \1$6880-03$aal-Qāhirah :$bMaṭbaʻat Lajnat al-Taʼlīf wa-al-Tarjamah wa-al-Nashr,$c1955.
=300  \\$a311 pages ;$c25 cm
=336  \\$atext$btxt$2rdacontent
=337  \\$aunmediated$bn$2rdamedia
=338  \\$avolume$bnc$2rdacarrier
=651  \0$aUnited States$xDescription and travel.
=650  \7$aTravel.$2fast$0(OCoLC)fst01155558
=651  \7$aUnited States.$2fast$0(OCoLC)fst01204155
=776  08$iOnline version:$aMaḥmūd, Zakī Najīb, 1905-$tAyyām fī Amrīkā.$dal-Qāhirah, Maṭbaʻat Lajnat al-Taʼlīf wa-al-Tarjamah wa-al-Nashr, 1955$w(OCoLC)558106124
=880  1\$6100-01/r$aمحمود، زكي نجيب،$d1905$eauthor.
=880  10$6245-02/r$aأيام في أمريكا /$cتأليف زكي نجيب محمود أستاذ الفلسفة بجامعة القاهرة وأستاذ زائر بجامعتي كارولاينا الجنوبية وولاية وشنطن بالولايات المتحدة.
=880  \1$6264-03/r$aالقاهرة :$bمطبعة لجنة التأليف والترجمة والنشر،$c1955.
=999  \\$iUaCaAUL_b27145311$o(OCoLC)ocm23488029$sauc_aco000542
=994  \\$aC0$bZYU

