=LDR  02141cam a2200433Ii 4500
=001  ocn122726248
=003  OCoLC
=005  20190305074030.0
=008  010716s1925\\\\ua\f\\\\\\\\\\000\0dara\d
=040  \\$aUaCaAUL$beng$erda$cMEAUC$dOCLCG$dMEAUC$dOCLCF$dOCLCO$dOCLCQ$dOCL$dOCLCQ$dMEAUC
=035  \\$a(OCoLC)122726248
=041  \\$aara$heng
=043  \\$af-ua---
=090  \\$aDT106$b.S512 1925
=049  \\$aZYUU
=100  1\$aSavage, Richard,$d1846-1903.
=245  10$6880-01$aIsamāʻīl, aw, fī ẓilāl al-Ahrām =$bIn the shadow of the pyramids /$csharḥ wa-taʻrīb Muḥammad Mūsá Ibrāhīm bi-Wizārat al-Awqāf.
=246  31$aIn the shadow of the pyramids
=246  3\$6880-02$aFī ẓilāl al-ʼahrām
=264  \1$6880-03$a[Cairo] :$bmultazim ṭabʻihā wa-bayʻihā Muḥammad Maḥmūd ṣāḥib Maktabat al-Wafd wa-Maṭbaʻatihā,$c[1925]
=300  \\$a3 volumes in 1(5, 341 pages), 1 unnumbered leaf of plates ;$c22 cm
=336  \\$atext$btxt$2rdacontent
=337  \\$aunmediated$bn$2rdamedia
=338  \\$avolume$bnc$2rdacarrier
=500  \\$6880-04$a"Thalāthat ajzāʼ fī mujallad wāḥid"
=500  \\$aAcknowledgment  dated: 1925.
=500  \\$aTranslation of: In the shadow of the pyramids.
=600  00$aIsmail,$cKhedive of Egypt,$d1830-1895.
=651  \0$aEgypt$xHistory$yIsmail, 1863-1879.
=600  07$aIsmail,$cKhedive of Egypt,$d1830-1895.$2fast$0(OCoLC)fst00068112
=651  \7$aEgypt.$2fast$0(OCoLC)fst01208755
=648  \7$a1863-1879$2fast
=655  \7$aHistory.$2fast$0(OCoLC)fst01411628
=880  10$6245-01/r$aاسماعيل، او، في ظلال الأهرام =$bIn the shadow of the pyramids  /$cشرح وتعريب محمد موسى ابراهيم بوزارة الاوقاف.
=880  3\$6246-02/r$aفى ظلال الأهرام
=880  \1$6264-03/r$a[Cairo] :$bملتزم طبعها وبيعها محمد محمود صاحب مكتبة الوفد ومطبعتها،$c[1925]
=880  \\$6500-04/r$a"ثلاثة أجزاء في مجلد واحد"
=999  \\$iUaCaAUL_b12693327$o(OCoLC)ocn122726248$sauc_aco000422$e(ERROR-880)
=994  \\$aC0$bZYU

