=LDR  01746cam a2200397Ii 4500
=001  ocm61741178\
=003  OCoLC
=005  20190305074030.0
=008  931115s1923\\\\ua\\\\\\\\\\\\000\0caraod
=040  \\$aLGG$beng$erda$cLGG$dMEAUC$dOCLCF$dOCLCO$dOCLCQ$dMEAUC
=035  \\$a(OCoLC)61741178
=090  \\$aBP70$b.N3x 1923
=049  \\$aZYUU
=100  1\$6880-01$aNajīb, Muṣṭafá.
=245  10$6880-02$aḤumāt al-Islām /$ctaʼlīf al-Marḥūm Muṣṭafá Bik Najīb.
=250  \\$6880-03$aal-Ṭabʻah al-thānīyah ʻalá nafaqat Muḥammad Saʻīd al-Rāfʻī ṣāḥib al-Maktabah al-Azʹharīyah.
=264  \1$6880-04$aMiṣr :$bal-Maktabah al-Azharīyah,$c[1923]
=264  \3$6880-05$aMiṣr :$bMaṭbaʻat al-Saʻādah,$c[1923]
=300  \\$a2 volumes in 1 ;$c24 cm
=336  \\$atext$btxt$2rdacontent
=337  \\$aunmediated$bn$2rdamedia
=338  \\$avolume$bnc$2rdacarrier
=650  \0$aIslam$vBiography.
=650  \0$aCaliphs$vBiography.
=650  \0$aMuslims$vBiography.
=650  \7$aCaliphs.$2fast$0(OCoLC)fst00844318
=650  \7$aIslam.$2fast$0(OCoLC)fst00979776
=650  \7$aMuslims.$2fast$0(OCoLC)fst01031029
=655  \7$aBiography.$2fast$0(OCoLC)fst01423686
=880  1\$6100-01$aنجيب، مصطفى.
=880  10$6245-02$aحماة الإسلام /$cتأليف المرحوم مصطفى بك نجيب.
=880  \\$6250-03$aالطبعة الثانية على نفقة محمد سعيد الرافعي صاحب المكتبة الأزهرية.
=880  \1$6264-04$aمصر :$bالمكتبة الأزهرية،$c[1923]
=880  \3$6264-05$aمصر :$bمطبعة السعادة،$c[1923]
=999  \\$iUaCaAUL_b13917110$o(OCoLC)ocm61741178$sauc_aco000534:2 v. in 1
=994  \\$aC0$bZYU

