=LDR  01338cam a2200337Ii 4500
=001  ocn122899336
=003  OCoLC
=005  20190305074030.0
=008  041228s1933\\\\ua\abf\\\b\\\\001\0aara\d
=040  \\$aEG-CaAUA$beng$cMEAUC$dOCLCQ$dOCLCF$dOCLCO$dOCLCQ$dMEAUC
=035  \\$a(OCoLC)122899336
=043  \\$ae-fr---
=090  \\$aDC103$b.M9x 1933
=049  \\$aZYUU
=100  1\$6880-01$aMuḥammad, Ghānim,$eauthor.
=245  10$6880-02$aJān Dārk fī sabīl al-waṭan /$ctaʼlīf Ghānim Muḥammad.
=264  \1$a[Cairo] :$b[publisher not identified],$c[1933]
=300  \\$a8, 305 pages, 9 unnumberd leaves of plates :$billustrations, maps ;$c20 cm
=336  \\$atext$btxt$2rdacontent
=337  \\$aunmediated$bn$2rdamedia
=338  \\$avolume$bnc$2rdacarrier
=500  \\$aIntroduction dated: 1933.
=504  \\$aIncludes bibliographical references and index.
=650  \0$aChristian women saints$zFrance$vBiography.
=650  \7$aChristian women saints.$2fast$0(OCoLC)fst00859586
=651  \7$aFrance.$2fast$0(OCoLC)fst01204289
=655  \7$aBiography.$2fast$0(OCoLC)fst01423686
=880  1\$6100-01$aمحمد، غانم.
=880  10$6245-02$aجان دارك في سبيل الوطن /$cتأليف غانم محمد.
=999  \\$iUaCaAUL_b13214494$o(OCoLC)ocn122899336$sauc_aco000268$e(ERROR-880)
=994  \\$aC0$bZYU

