=LDR  02395cam a2200481Ii 4500
=001  ocm72869450\
=003  OCoLC
=005  20190305074030.0
=008  061014s1936\\\\ua\ab\\\\\\\\\000\0\ara\d
=040  \\$aMEAUC$beng$erda$cMEAUC$dOCLCF$dOCLCO$dOCLCQ$dMEAUC$dOCL
=035  \\$a(OCoLC)72869450
=043  \\$aae-----$aas-----$aa-ja---$aa-ii---$aa-cc---
=090  \\$aDS508$b.T5 1936
=049  \\$aZYUU
=100  1\$6880-01$aThābit, Muḥammad,$eauthor.
=245  10$6880-02$aJawlah fī rubūʻ Asyā bayna Miṣr wa-al-Yābān :$bmin mushāhadāt sāʼiḥ Miṣrī /$cMuḥammad Thābit mudarris awwal al-ʻulūm al-ijtimāʻīyah bi-Madrasat al-Qubbah al-thānawīyah.
=250  \\$6880-03$aal-Ṭabʻah al-thānīyah.
=264  \1$6880-04$aal-Qāhirah :$bMaktabat al-Nahḍah al-Miṣrīyah,$c1354 H.,1936 M.
=264  \1$6880-05$aal-Qāhirah :$bMaṭbaʻat Lajnat al-Taʼlīf wa-al-Tarjamah wa-al-Nashr,$c1936.
=300  \\$a234 pages :$billustrations, Maps ;$c24 cm
=336  \\$atext$btxt$2rdacontent
=337  \\$aunmediated$bn$2rdamedia
=338  \\$avolume$bnc$2rdacarrier
=651  \0$aEast Asia$xDescription and travel.
=651  \0$aSoutheast Asia$xDescription and travel.
=651  \0$aJapan$xDescription and travel.
=651  \0$aIndia$xDescription and travel.
=651  \0$aKorea$xDescription and travel.
=651  \0$aChina$xDescription and travel.
=650  \7$aTravel.$2fast$0(OCoLC)fst01155558
=651  \7$aChina.$2fast$0(OCoLC)fst01206073
=651  \7$aEast Asia.$2fast$0(OCoLC)fst01243628
=651  \7$aIndia.$2fast$0(OCoLC)fst01210276
=651  \7$aJapan.$2fast$0(OCoLC)fst01204082
=651  \7$aKorea.$2fast$0(OCoLC)fst01206434
=651  \7$aSoutheast Asia.$2fast$0(OCoLC)fst01240499
=880  1\$6100-01$aثابت، محمد.
=880  10$6245-02$aجولة في ربوع آسيا بين مصر واليابان :$bمن مشاهدات سائح مصري /$cمحمد ثابت مدرس أول العلوم الاجتماعية بمدرسة القبة الثانوية.
=880  \\$6250-03$aالطبعة الثانية.
=880  \1$6264-04$aالقاهرة :$bمكتبة النهضة المصرية،$c1354 هـ ، 1936 م.
=880  \1$6264-05$aالقاهرة :$bمطبعة لجنة التأليف والترجمة والنشر،$c1936.
=999  \\$iUaCaAUL_b1381039x$o(OCoLC)ocm72869450$sauc_aco000407
=994  \\$aC0$bZYU

