=LDR  01428cam a2200349Ia 4500
=001  ocn145082470
=003  OCoLC
=005  20190305074030.0
=008  030925s1936\\\\ua\abf\\\b\\\\000\0\ara\d
=040  \\$aEG-CaAUA$beng$cYUS$dOCLCF$dOCLCO$dOCLCQ$dMEAUC
=035  \\$a(OCoLC)145082470
=043  \\$af-ua---
=050  \4$aDT61$b.M85 1936
=049  \\$aZYUU
=245  00$6880-01$aTurāth Miṣr al-qadīmah.
=264  \1$a[Cairo] :$b[publisher not identified],$c[1936]
=264  \3$6880-02$a[Cairo] :$b[Qism al-Khidmah al-ʻĀmmah fī al-Jamiʻah al-Amrīkīyah fī al-Qāhirah],$b[1936]
=300  \\$a137 pages, 14 pages of plates :$billustrations, map ;$c24 cm
=336  \\$atext$btxt$2rdacontent
=337  \\$aunmediated$bn$2rdamedia
=338  \\$avolume$bnc$2rdacarrier
=500  \\$6880-03$a"Muqtaṭaf Sibtambir 1936."
=504  \\$aIncludes bibliographical references (pages 135-137).
=651  \0$aEgypt$xCivilization.
=650  \7$aCivilization.$2fast$0(OCoLC)fst00862898
=651  \7$aEgypt.$2fast$0(OCoLC)fst01208755
=710  2\$aAmerican University at Cairo.
=880  00$6245-01$aتراث مصر القديمة.
=880  \3$6264-02$a[Cairo] :$b[قسم الخدمة العامة في الجمعة الأمريكية في القاهرة]،$b[1936]
=880  \\$6500-03$a"مقتطف سبتمبر 1936."
=999  \\$iUaCaAUL_b12852119$o(OCoLC)ocn145082470$sauc_aco000488$e(ERROR-880)
=994  \\$aC0$bZYU

