=LDR  02481cam a2200505Ii 4500
=001  ocm29885635\
=003  OCoLC
=005  20190305074030.0
=008  940228s1949\\\\ua\b\\\\\\\\\\000\0\arard
=040  \\$aCUY$beng$erda$cCUY$dOSU$dMEAUC$dOCLCQ$dOCLCF$dOCLCQ$dOCL$dOCLCO$dOCL$dMEAUC
=019  \\$a60499056
=035  \\$a(OCoLC)29885635$z(OCoLC)60499056
=043  \\$aaw-----
=050  \4$aPJ7816.N38$bS5 1949
=050  \4$aDS62.4$b.N33 1949
=049  \\$aZYUU
=100  1\$6880-01$aNaṣr, Ṣalāḥ Muḥammad,$eauthor.
=245  13$6880-02$aal-Sharq al-Awsaṭ fī mahabb al-riyāḥ /$ctaʼlīf yūzbāshī Ṣalāḥ Muḥammad Naṣr, mudarris al-mushāh, yūzbāshī Kamāl al-Dīn al-Ḥinnāwī, mudarris al-mushāh.
=250  \\$6880-03$aal-Ṭabʻah al-ūlá.
=264  \1$6880-04$aal-Qāhirah :$bMaktabat al-Nahḍat al-Miṣrīyah,$c1949.
=264  \3$6880-05$aMiṣr :$bMaṭbaʻat al-Shubukshī bi-al-Azʹhar.
=300  \\$a343 pages, [7] folded leaves :$bmaps ;$c24 cm.
=336  \\$atext$btxt$2rdacontent
=337  \\$aunmediated$bn$2rdamedia
=338  \\$avolume$bnc$2rdacarrier
=490  1\$6880-06$aDirāsāt istirātījīyah
=500  \\$aTranslation of title: The Middle East in the windward.
=651  \0$aMiddle East$xHistory$y20th century.
=651  \0$aMiddle East$xForeign relations.
=650  \7$aDiplomatic relations.$2fast$0(OCoLC)fst01907412
=651  \7$aMiddle East.$2fast$0(OCoLC)fst01241586
=648  \7$a1900-1999$2fast
=655  \7$aHistory.$2fast$0(OCoLC)fst01411628
=700  1\$6880-07$aḤinnāwī, Kamāl al-Dīn,$eauthor.
=830  \0$6880-08$aDirāsāt istirātījīyah (Cairo, Egypt)
=880  1\$6100-01/r$aنصر، صلاح محمد.
=880  12$6245-02/r$aالشرق الأوسط في مهب الرياح /$cتأليف يوزباشي صلاح محمد نصر، مدرس المشاه، يوزباشي كمال الدين الحناوي، مدرس المشاه.
=880  \\$6250-03/r$aالطبعة الأولى.
=880  \1$6264-04/r$aالقاهرة :$bمكتبة النهضة المصرية،$c1949.
=880  \3$6264-05/r$aمصر :$bمطبعة الشبكشي بالأزهر.
=880  1\$6490-06/r$aدراسات استراتيجية
=880  1\$6700-07/r$aحناوي، كمال الدين.
=880  \0$6830-08/r$aدراسات استراتيجية (القاهرة، مصر)
=999  \\$iUaCaAUL_b13036063$o(OCoLC)ocm29885635$sauc_aco000423
=994  \\$aC0$bZYU

