=LDR  02696cam a2200421Mi 4500
=001  ocn122972562
=003  OCoLC
=005  20190305074030.0
=008  011114s1920\\\\ua\f\\\\\\\\\\000\0\ara\d
=040  \\$aUaCaAUL$beng$erda$cMEAUC$dOCLCG$dOCLCF$dNDD$dOCLCQ$dMEAUC
=035  \\$a(OCoLC)122972562
=050  \4$aDT107.2.M78$bF833 1920
=049  \\$aZYUU
=100  1\$6880-01$aFuʼād, Faraj Sulaymān.
=245  10$6880-02$aDhikrá faqīd al-waṭan wa-zaʻīm al-nahḍah al-Misrīyah al-marḥūm Muḥammad Farīd Bik raʼīs al-Hizb al-Waṭanī /$ctaʼlīf Faraj Sulaymān Fuʼād ṣāḥib wa-muʼassis al-Kanz al-thmīn li-ʻuẓamāʼ al-Miṣrīyīn wa-Majallat al-Nīl al-Miṣrī.
=250  \\$6880-03$aal-Ṭabʻah al-ūlá.
=264  \1$6880-04$aMiṣr :$bFaraj Sulaymān Fuʼād,$c1920.
=264  \3$6880-05$aMiṣr :$bSharikat maṭbaʻat al-raghāʼib bi-Miṣr.
=300  \\$a13, 274 pages, 15 unnumbered leaves of plates, 12 unnumbered pages of plates :$billustrations, portraits ;$c24 cm
=336  \\$atext$btxt$2rdacontent
=337  \\$aunmediated$bn$2rdamedia
=338  \\$avolume$bnc$2rdacarrier
=500  \\$aIntroduction dated 1920.
=500  \\$6880-06$aal-Murāsalāt bi-ʻinwān: ṣāḥib idārat al-Kanz al-thmīn wa-Majallat al-Nīl al-Miṣrī bi-Dār al-Muʼayyad bi-shāriʻ Mḥammad ʻAlī..
=500  \\$6880-07$aḤuqūq al-ṭabʻ wa-al-naql maḥfūẓah lil-muʼallif, wa-kull nuskhah lam takun makhtūmah bi-khātam al-muʼallif yuʻāqab ḥāmiluhā qānūnan.
=500  \\$aTitle page stamped.
=600  00$6880-08$aMuḥammad Farīd,$d1868-1919.
=600  07$aMuḥammad Farīd,$d1868-1919.$2fast$0(OCoLC)fst00088856
=880  1\$6100-01$aفؤاد، فرج سليمان.
=880  10$6245-02$aذكرى فقيد الوطن وزعيم النهضة المصرية المرحوم محمد فريد بك رئيس الحزب الوطنى /$cتأليف فرج سليمان فؤاد.
=880  \\$6250-03$aالطبعة الأولى.
=880  \1$6264-04$aمصر :$bفرج سليمان فؤاد،$c1920.
=880  \3$6264-05$aمصر :$bشركة مطبعة الرغائب بمصر.
=880  \\$6500-06$aالمراسلات بعنوان: صاحب ادارة الكنز الثمين ومجلة النيل المصري بدار المؤيد بشارع محمد علي..
=880  \\$6500-07$aحقوق الطبع والنقل محفوظة للمؤلف، وكل نسخة لم تكن مختومة بخاتم المؤلف يعاقب حاملها قانونا.
=880  14$6600-08$aمحمد فريد،,$d1868-1919.
=999  \\$iUaCaAUL_b12733994$o(OCoLC)ocn122972562$sauc_aco000506
=994  \\$aC0$bZYU

