=LDR  01665cam a2200373Mi 4500
=001  ocm43812691\
=003  OCoLC
=005  20190305074030.0
=008  000410s1949\\\\ua\abcf\\\\\\\000\0\ara\d
=040  \\$aZCU$beng$erda$cZCU$dOCLCQ$dOCLCO$dOCLCQ$dMEAUC$dOCLCF$dOCLCA
=035  \\$a(OCoLC)43812691
=050  \4$aDT59$b.E6x 1949
=050  14$aDT70$b.E38
=049  \\$aZYUU
=245  00$6880-01$aMatḥaf al-Ḥaḍārah al-Miṣrīyah /$cWizārat al-Maʻārif al-ʻUmūmīyah.
=264  \1$6880-02$aal-Qāhirah :$bal-Sarāy al-Kubrá bi-al-Jamʻīyah al-Zirāʻīyah al-Malakīyah bi-al-Jazīrah,$c1949.
=300  \\$a260 pages, 20 unnumbered leaves of plates :$billustrations, maps, portraits ;$c24 cm
=336  \\$atext$btxt$2rdacontent
=337  \\$aunmediated$bn$2rdamedia
=338  \\$avolume$bnc$2rdacarrier
=500  \\$aCover title.
=610  20$aMatḥaf al-Miṣrī.
=610  27$aMatḥaf al-Miṣrī$2fast$0(OCoLC)fst00514970
=651  \0$aEgypt$xAntiquities.
=651  \0$aEgypt$xHistory.
=650  \7$aAntiquities.$2fast$0(OCoLC)fst00810745
=651  \7$aEgypt.$2fast$0(OCoLC)fst01208755
=655  \7$aHistory.$2fast$0(OCoLC)fst01411628
=710  1\$6880-03$aEgypt.$bWizārat al-Maʻārif al-ʻUmūmīyah.
=880  00$6245-01/r$aمتحف الحضارة المصرية /$cوزارة المعارف العمومية.
=880  \1$6264-02/r$aالقاهرة :$bالسراي الكبرى بالجمعية الزراعية الملكية بالجزيرة،$c1949.
=880  1\$6710-03/r$aمصر.$bوزارة المعارف العمومية
=999  \\$iUaCaAUL_b12014965$o(OCoLC)ocm43812691$sauc_aco000472
=994  \\$aC0$bZYU

