=LDR  02457cam a2200397K  4500
=001  ocm28955836\
=003  OCoLC
=005  20190305074030.0
=008  931007s1899\\\\ua\\\\\\\\\\\\000\0\arard
=040  \\$aCUY$beng$cCUY$dOCL$dOCLCG$dOCLCA$dOCLCQ$dOCLCO$dOCLCA$dOCLCF$dOCLCQ$dOCL
=035  \\$a(OCoLC)28955836
=050  \4$aBP166$b.S37 1899
=049  \\$aZYUU
=100  1\$6880-01$aSanūsī, Muḥammad ibn Yūsuf,$dapproximately 1427-approximately 1490.
=240  10$6880-02$aʻUmdat ahl al-tawfīq wa-al-tasdīd
=245  10$6880-03$aKitāb sharḥ Abī ʻAbd Allāh Muḥammad ibn Yūsuf ibn ʻUmar al-Sanūsī al-Ḥasanī al-musammá bi-ʻUmdat ahl al-tawfīq wa-al-tasdīd fī sharḥ ʻAqīdat ahl al-tawḥīd al-kubrá.
=246  3\$6880-04$aʻUmdat ahl al-tawfīq wa-al-tasdīd
=260  \\$6880-05$aMiṣr :$bMaṭbaʻat Jarīdat al-Islām,$c1317 [1899]
=300  \\$a284 pages
=336  \\$atext$btxt$2rdacontent
=337  \\$aunmediated$bn$2rdamedia
=338  \\$avolume$bnc$2rdacarrier
=650  \0$aIslam$xDoctrines$vEarly works to 1800.
=650  \0$aIslam$vApologetic works.
=650  \7$aIslam.$2fast$0(OCoLC)fst00979776
=650  \7$aIslam$xDoctrines.$2fast$0(OCoLC)fst00979787
=655  \7$aApologetic writings.$2fast$0(OCoLC)fst01423698
=655  \7$aEarly works.$2fast$0(OCoLC)fst01411636
=776  08$iOnline version:$aSanūsī, Muḥammad ibn Yūsuf, approximately 1427-approximately 1490.$sʻUmdat ahl al-tawfīq wa-al-tasdīd.$tKitāb sharḥ Abī ʻAbd Allāh Muḥammad ibn Yūsuf ibn ʻUmar al-Sanūsī al-Ḥasanī al-musammá bi-ʻUmdat ahl al-tawfīq wa-al-tasdīd fī sharḥ ʻAqīdat ahl al-tawḥīd al-kubrá.$dMiṣr : Maṭbaʻat Jarīdat al-Islām, 1317 [1899]$w(OCoLC)610188057
=880  1\$6100-01/r$aسنوسي، محمد بن يوسف،$dapproximately 1427-approximately 1490.
=880  10$6240-02/r$aعمدة اهل التوفيق والتسديد
=880  10$6245-03/r$aكتاب شرح ابي عبد الله محمد بن يوسف بن عمر السنوسي الحسني المسمى بعمدة اهل التوفيق والتسديد في شرح عقيدة اهل التوحيد الكبرى.
=880  3\$6246-04/r$aعمدة اهل التوفيق والتسديد
=880  \\$6260-05/r$aمصر :$bمطبعة جريدة الاسلام،$c1317 [1899]
=999  \\$iUaCaAUL_b1439537x$o(OCoLC)ocm28955836$sauc_aco000449$e(ERROR-880)
=994  \\$aC0$bZYU

