=LDR  01476cam a2200337Ii 4500
=001  ocn122747878
=003  OCoLC
=005  20190305074030.0
=008  021211s1948\\\\ua\\\\\\\b\\\\000\0\ara\d
=040  \\$aUaCaAUL$beng$cMEAUC$dOCLCG$dOCLCQ$dOCLCF$dOCLCO$dOCLCQ$dOCL$dOCLCQ$dMEAUC
=035  \\$a(OCoLC)122747878
=043  \\$af-sj---
=090  \\$aDT156.5$b.S23 1948
=049  \\$aZYUU
=100  1\$6880-01$aṢabrī, Muḥammad,$d1894-1978,$eauthor.
=245  13$6880-02$aal-Imbaraṭurīyah al-Sudāniyah fī al-qarn al-tāsʻ ʻashr /$ctʼalīf al-duktūr Muḥammad Ṣabrī.
=264  \1$6880-03$aal-Qāhirah :$bMaṭbaʻat Miṣr Sharikah Musāhamah Miṣrīyah,$c1948.
=300  \\$a289, 10 pages ;$c24 cm
=336  \\$atext$btxt$2rdacontent
=337  \\$aunmediated$bn$2rdamedia
=338  \\$avolume$bnc$2rdacarrier
=504  \\$aIncludes bibliographical references (pages 279-289).
=651  \0$aSudan$xHistory$y19th century.
=651  \7$aSudan.$2fast$0(OCoLC)fst01204591
=648  \7$a1800-1899$2fast
=655  \7$aHistory.$2fast$0(OCoLC)fst01411628
=880  1\$6100-01/r$aصبرى، محمد،$d1894-1978.
=880  12$6245-02/r$aالإمبراطورية السودانية فى القرن التاسع عشر /$cتأليف الدكتور محمد صبرى.
=880  \1$6264-03/r$aالقاهرة :$bمطبعة مصر شركة مساهمة مصرية،$c1948.
=999  \\$iUaCaAUL_b11793697$o(OCoLC)ocn122747878$sauc_aco000406
=994  \\$aC0$bZYU

