=LDR  01958cam a2200385Ii 4500
=001  ocn122838643
=003  OCoLC
=005  20190305074030.0
=008  000214s1893\\\\le\\\\\\\\\\\\000\0\ara\d
=040  \\$aMEAUC$beng$erda$cMEAUC$dOCLCQ$dOCLCG$dOCLCA$dOCLCF$dOCLCO$dOCLCQ$dOCLCO$dOCLCQ$dMEAUC
=035  \\$a(OCoLC)122838643
=043  \\$af-ua---
=090  \\$aDT51$b.I2 1893a
=049  \\$aZYUU
=100  1\$6880-01$aIbn Duqmāq, Ibrāhīm ibn Muḥammad,$d-1407,$eauthor.
=245  10$6880-02$aKitāb al-intiṣār li-wāsiṭat ʻiqd al-amṣār =$bDescription de l'Égypte /$ctaʼlīf Ibrāhīm ibn Muḥammad ibn Aydmar al-ʻAlāʼī al-shahīr bi-Ibn Duqmāq.
=246  15$aDescription de l'Égypte
=246  3\$6880-03$aIntiṣār li-wāsiṭat ʻiqd al-amṣār
=264  \1$6880-04$aBayrūt :$bMarkaz al-Mawsūʻāt al-ʻĀlamīyah,$c[1893]
=300  \\$a1 volume (various pagings) ;$c24 cm.
=336  \\$atext$btxt$2rdacontent
=337  \\$aunmediated$bn$2rdamedia
=338  \\$avolume$bnc$2rdacarrier
=651  \0$aEgypt$xDescription and travel$vEarly works to 1800.
=651  \0$aCairo (Egypt)$xDescription and travel$vEarly works to 1800.
=650  \7$aTravel.$2fast$0(OCoLC)fst01155558
=651  \7$aEgypt.$2fast$0(OCoLC)fst01208755
=651  \7$aEgypt$zCairo.$2fast$0(OCoLC)fst01205204
=655  \7$aEarly works.$2fast$0(OCoLC)fst01411636
=880  1\$6100-01$aابن دقماق، إبراهيم بن محمد،$d-1407.
=880  10$6245-02$aكتاب الانتصار لواسطة عقد الأمصار =$bDescription de l'Égypte/$cتأليف إبراهيم بن محمد بن أيدمر العلائي الشهير بابن دقماق.
=880  3\$6246-03$aانتصار لواسطة عقد الأمصار
=880  \1$6264-04$aبيروت :$bمركز الموسوعات العالمية،$c[1893].
=999  \\$iUaCaAUL_b11915195$o(OCoLC)ocn122838643$sauc_aco000560:v.1-2$e(ERROR-880)
=994  \\$aC0$bZYU

