=LDR  01363cam a2200361Ii 4500
=001  ocn122811903
=003  OCoLC
=005  20190305074030.0
=008  021119s1955\\\\ua\f\\\\\\\\\\000\0\ara\d
=040  \\$aMEAUC$beng$erda$cMEAUC$dOCLCF$dOCLCO$dOCLCQ$dMEAUC$dOCLCQ
=035  \\$a(OCoLC)122811903
=043  \\$af-sj---
=050  \4$aDT108$b.N3 1955
=049  \\$aZYUU
=100  1\$6880-01$aNaḥḥās, Yūsuf.
=245  10$6880-02$aDhikrayāt al-Sūdān /$cbi-qalam Yūsuf al-Naḥḥās.
=264  \1$6880-03$aal-Qāhirah :$bal-Maṭbaʻah al-ʻAṣrīyah,$c1955.
=300  \\$a79 pages, 2 leaves of plates ;$c24 cm
=336  \\$atext$btxt$2rdacontent
=337  \\$aunmediated$bn$2rdamedia
=338  \\$avolume$bnc$2rdacarrier
=500  \\$aIncludes errata page.
=600  10$6880-04$aNaḥḥās, Yūsuf.
=651  \0$aSudan$xDescription and travel.
=600  17$aNaḥḥās, Yūsuf.$2fast$0(OCoLC)fst01517329
=650  \7$aTravel.$2fast$0(OCoLC)fst01155558
=651  \7$aSudan.$2fast$0(OCoLC)fst01204591
=880  1\$6100-01$aنحاس، يوسف.
=880  10$6245-02$aذكريات السودان /$cبقلم يوسف نحاس.
=880  \1$6264-03$aالقاهرة :$bالمطبعة العصرية،$c1955.
=880  14$6600-04$aنحاس، يوسف.
=999  \\$iUaCaAUL_b12906967$o(OCoLC)ocn122811903$sauc_aco000441
=994  \\$aC0$bZYU

