=LDR  02467cam a2200385Ii 4500
=001  ocn318939029
=003  OCoLC
=005  20190305074030.0
=008  000626s1929\\\\ua\\\\\\\b\\\\000\0cara\d
=040  \\$aMEAUC$beng$erda$cMEAUC$dOCLCF$dOCLCO$dOCLCQ$dMEAUC$dOCLCO$dEUM
=019  \\$a1056039882$a1056835530
=035  \\$a(OCoLC)318939029$z(OCoLC)1056039882$z(OCoLC)1056835530
=043  \\$af-ua---
=090  \\$aDT107.2.A2$bH3 1929
=049  \\$aZYUU
=100  1\$6880-01$aHaykal, Muḥammad Ḥusayn,$d1888-1956,$eauthor.
=245  10$6880-02$aTarājim Miṣrīyah wa-Gharbīyah :$bKilyūbāṭirah - Ismāʻīl Bāshā - Tawfīq Bāshā - Muḥammad Qadrī Bāshā - Buṭrus Ghālī Bāshā - Muṣṭafá Kāmil Bāshā - Qāsim Amīn Bik - Ismāʻīl Ṣabrī Bāshā - Maḥmūd Sulaymān Bāshā - ʻAbd al-Khāliq Tharwat Bāshā - Bitʹhūfin - Tīn - Shiksbīr - Shilī /$ctaʼlīf al-duktūr Muḥammad Ḥusayn haykal Bik.
=260  \\$6880-03$a[al-Qāhirah] :$bMaṭbaʻat al-Siyāsah wa-al-Siyāsah al-Isbūʻīyah,$c[1929]
=264  \1$6880-04$a[Cairo] :$bMaṭbaʻat al-Siyāsah wa-al-Siyāsah al-Isbūʻīyah,$c[1929]
=300  \\$a399 pages :$bportraits ;$c20 cm
=336  \\$atext$btxt$2rdacontent
=337  \\$aunmediated$bn$2rdamedia
=338  \\$avolume$bnc$2rdacarrier
=504  \\$aIncludes bibliographical reference.
=651  \0$aEgypt$vBiography.
=650  \0$aBiography.
=650  \7$aBiography.$2fast$0(OCoLC)fst00832149
=651  \7$aEgypt.$2fast$0(OCoLC)fst01208755
=655  \7$aBiography.$2fast$0(OCoLC)fst01423686
=880  1\$6100-01/r$aهيكل، محمد حسين،$d1888-1956.
=880  10$6245-02/r$aتراجم مصرية وغربية :$bكليوباطرة - إسماعيل باشا - توفيق باشا - محمد قدري باشا - بطرس غالي باشا - مصطفى كامل باشا - قاسم أمين بك - إسماعيل صبري باشا - محمود سليمان باشا - عبد الخالق ثروت باشا - بتهوفن - تين - شكسبير - شلي /$cتأليف الدكتور محمد حسين هيكل بك.
=880  \\$6260-03/r$a[القاهرة] :$bمطبعة السياسة والسياسة الاسبوعية،$c[1929]
=880  \1$6264-04/r$a[Cairo]  :$bمطبعة السياسة والسياسة الأسبوعية،$c[1929]
=999  \\$iUaCaAUL_b12353711$o(OCoLC)ocn318939029$sauc_aco000479$e(ERROR-880)
=994  \\$aC0$bZYU

