=LDR  02881cam a2200433Ii 4500
=001  ocn318938359
=003  OCoLC
=005  20190305074030.0
=008  000625s1914\\\\ua\\\\\\\b\\\\000\0cara\d
=040  \\$aMEAUC$beng$erda$cMEAUC$dOCLCQ$dOCLCO$dOCLCF$dOCLCO$dMEAUC$dPAU
=035  \\$a(OCoLC)318938359
=043  \\$af-ua---
=090  \\$aDT76$b.U3 1914
=049  \\$aZYUU
=100  1\$6880-01$aUdfuwī, Jaʻfar ibn Thaʻlab,$d1286-1347,$eauthor.
=245  13$6880-02$aAl-ṭāliʻ al-saʻīd :$bal-Jāmiʻ li-asmāʼ al-Fuḍalāʼ wa-al-ruwāh bi-aʻlá al-ṣaʻīd /$cli-Kamāl al-Dīn Abī Jaʻfar ibn Thaʻlab ibn Jaʻfar al-Udfuwī al-shāfiʻī al-mutawaffá sanat 748 H.
=264  \1$6880-03$aMiṣr :$bṬubiʻa bi-al-Maṭbaʻah al-Jamālīyah,$c1914 M, 1334 H.
=300  \\$a47, 431 pages ;$c23 cm
=336  \\$atext$btxt$2rdacontent
=337  \\$aunmediated$bn$2rdamedia
=338  \\$avolume$bnc$2rdacarrier
=500  \\$6880-04$aṬubiʻa ʻalá nafaqat ʻAbd al-Raḥman ʻAlī Qurayṭ min Qabīlat Āl ʻAlī al-Sharqīyah, yuṭlab hādhā al-kitāb min kāffat al-makātib al-shahīrah wa-min al-ṭābiʻ bi-ʻunwānihi hādhā "Abū Kbīr" ʻIzbat ʻAlī Sālim Qurayṭ.
=500  \\$6880-05$a"Tanbīh" kull nuskhah lam takun makhtūmah bi-Khitm al-nāshir tuʻadd masrūqah wa-yuḥākam ḥāmilahā qānūnan.
=500  \\$aEdited by Amīn ʻAbd al-ʻAzīz.
=504  \\$aIncludes bibliographical references and indexes.
=651  \0$aEgypt$vBiography.
=651  \7$aEgypt.$2fast$0(OCoLC)fst01208755
=655  \7$aBiography.$2fast$0(OCoLC)fst01423686
=700  1\$6880-06$aʻAbd al-ʻAzīz, Amīn,$eeditor.
=880  1\$6100-01/r$aادفوي، جعفر بن ثعلب،$d1286-1347.
=880  12$6245-02/r$aالطالع السعيد :$bالجامع لأسماء الفضلاء والرواة بأعلى الصعيد /$cلكمال الدين أبي جعفر بن ثعلب بن جعفر الأدفوي الشافعي المتوفى سنة 748 هـ.
=880  \\$6250-00/r$aالطبعة 1.
=880  \\$6260-00/r$a[القاهرة] مصر :$bالمطبعة الجمالية،$c1914.
=880  \1$6264-03/r$aمصر :$bطبع بالمطبعة الجمالية،$c1914 م، 1334 هـ.
=880  \\$6500-04/r$aطبع على نفقة عبد الرحمن علي قريط من قبيلة آل علي الشرقية، يطلب هذا الكتاب من كافة المكاتب الشهيرة ومن الطابع بعنوانه هذا "أبو كبير" عزبة علي سالم قريط.
=880  \\$6500-05/r$a"تنبيه" كل نسخة لم تكن مختومة بختم الناشر تعد مسروقة ويحاكم حاملها قانونا.
=880  1\$6700-06/r$aعبد العزيز، أمين.
=999  \\$iUaCaAUL_b12137364$o(OCoLC)ocn318938359$sauc_aco000537$e(ERROR-880)
=994  \\$aC0$bZYU

