=LDR  02156cam a2200445Ii 4500
=001  ocn122955512
=003  OCoLC
=005  20190305074030.0
=008  011210s1953\\\\ua\ac\\\\b\\\\001\0\ara\d
=040  \\$aMH$beng$cMEAUC$erda$dOCLCF$dOCLCO$dOCLCQ$dOCL$dOCLCQ$dMEAUC
=019  \\$a78005880
=035  \\$a(OCoLC)122955512$z(OCoLC)78005880
=043  \\$af-ua---
=090  \\$aDT107.6$b.A2x 1953
=049  \\$aZYUU
=100  1\$6880-01$aAbū al-Layl, Maḥmūd Najīb,$eauthor.
=245  13$6880-02$aal-Amānī al-waṭanīyah wa-al-mushkilāt al-Miṣrīyah fī al-ṣuḥuf al-Faransīyah :$bmundhu ʻaqd al-ittifāq al-widdī ḥattá iʻlān al-ḥarb al-ʻālamīyah al-ūlá /$ctaʼlīf al-duktūr Maḥmūd Najīb Abū al-Layl.
=250  \\$6880-03$aal-Ṭabʻah al-ūlá.
=264  \1$6880-04$aal-Qāhirah :$b[publisher not identified],$c1953.
=300  \\$a304 pages :$billustrations, portraits ;$c23 cm
=336  \\$atext$btxt$2rdacontent
=337  \\$aunmediated$bn$2rdamedia
=338  \\$avolume$bnc$2rdacarrier
=504  \\$aIncludes bibliographical references (pages 301-302) and indexes.
=651  \0$aEgypt$xHistory$xSources.
=651  \0$aEgypt$xHistory$y20th century.
=650  \0$aFrench periodicals$zEgypt.
=650  \0$aPress$zEgypt$xHistory.
=650  \7$aFrench periodicals.$2fast$0(OCoLC)fst00934772
=650  \7$aPress.$2fast$0(OCoLC)fst01075837
=651  \7$aEgypt.$2fast$0(OCoLC)fst01208755
=648  \7$a1900-1999$2fast
=655  \7$aHistory.$2fast$0(OCoLC)fst01411628
=655  \7$aSources.$2fast$0(OCoLC)fst01423900
=880  1\$6100-01$aأبو الليل، محمود نجيب.
=880  12$6245-02$aالأماني الوطنية والمشكلات المصرية في الصحف الفرنسية :$bمنذ عقد الاتفاق الودي حتى إعلان الحرب العالمية الأولى /$cتأليف الدكتور محمود نجيب أبو الليل.
=880  \\$6250-03$aالطبعة الأولى.
=880  \1$6264-04$aالقاهرة :$b[publisher not identified]،$c1953.
=999  \\$iUaCaAUL_b12745054$o(OCoLC)ocn122955512$sauc_aco000494
=994  \\$aC0$bZYU

