=LDR  01862cam a2200409Ii 4500
=001  ocm60498497\
=003  OCoLC
=005  20190305074030.0
=008  010513s1913\\\\ua\\\\\\\b\\\\000\0\ara\d
=010  \\$a   74234354 
=040  \\$aMEAUC$beng$erda$cMEAUC$dOCLCQ$dHLS$dOCLCF$dOCLCO$dOCLCQ$dLGG$dOCLCO$dMEAUC
=035  \\$a(OCoLC)60498497
=050  \4$aDS36.855$b.D55 1913
=049  \\$aZYUU
=100  1\$6880-01$aDimashqī, M. ʻAṭāyā,$eauthor.
=240  10$6880-02$aMuntakhab fī tārīkh ādāb al-ʻArab
=245  10$6880-03$aKitāb al-Muntakhab fī tārīkh ādāb al-ʻArab /$ctaʼlīf M. ʻAṭāyā al-Dimashqī.
=264  \1$6880-04$aMiṣr :$bMaṭbaʻat al-Hilāl,$c1913.
=300  \\$a183 pages ;$c25 cm
=336  \\$atext$btxt$2rdacontent
=337  \\$aunmediated$bn$2rdamedia
=338  \\$avolume$bnc$2rdacarrier
=500  \\$aIncludes Errata pages.
=500  \\$aMissed title page.
=504  \\$aIncludes bibliographical references.
=650  \0$aIslamic civilization.
=650  \0$aArabic literature$xHistory and criticism.
=650  \7$aArabic literature.$2fast$0(OCoLC)fst00812478
=650  \7$aIslamic civilization.$2fast$0(OCoLC)fst01730294
=655  \7$aCriticism, interpretation, etc.$2fast$0(OCoLC)fst01411635
=776  08$iOnline version:$aDimashqī, M. ʻAṭāyā$sMuntakhab fī tārīkh ādāb al-ʻArab.$tKitāb al-Muntakhab fī tārīkh ādāb al-ʻArab$w(OCoLC)1084453700
=880  1\$6100-01/r$aدمشقي، م. عطايا.
=880  10$6240-02/r$aمنتخب في تاريخ آداب العرب
=880  10$6245-03/r$aكتاب المنتخب في تاريخ آداب العرب /$cتأليف م. عطايا الدمشقي.
=880  \1$6264-04/r$aمصر :$bمطبعة الهلال،$c1913.
=999  \\$iUaCaAUL_b1265677x$o(OCoLC)ocm60498497$sauc_aco000540
=994  \\$aC0$bZYU

