=LDR  03345cam a2200625Ii 4500
=001  ocm29427673\
=003  OCoLC
=005  20190305074030.0
=008  931117s1923\\\\ua\\\\\\\\\\\\000\0\ara\\
=010  \\$a   80961218 
=040  \\$aDLC$beng$cDLC$dUPM$dOCLCQ$dOCLCO$dOCLCF$dMEAUC$dOCLCA
=035  \\$a(OCoLC)29427673
=043  \\$af-ua---
=090  \\$aDS481.G64$bA82 1923
=049  \\$aZYUU
=245  00$6880-01$aAbṭāl al-waṭanīyah :$bMusṭafá Kāmil, Muḥammad Farīd, Saʻd Zaghlūl, Muṣṭafá Kamāl, Mahātimā Ghāndī : mudabbajah bi-aqlām ʻuẓamāʼ munshiʼī hādhā al-ʻaṣr /$cʻuniya bi-waḍʻihā wa-nashrihā Muḥyī al-Dīn Riḍā.
=250  \\$6880-02$aal-Ṭabʻah al-ūlá.
=264  \1$6880-03$aMiṣr :$bMuḥyī al-Dīn Riḍā,$c1923.
=264  \3$6880-04$aMiṣr :$bMaṭbaʻat Jarīdat al-Ṣabāḥ.
=300  \\$a144 pages, 4 unnumbered leaves of plates ;$c20 cm
=336  \\$atext$btxt$2rdacontent
=337  \\$aunmediated$bn$2rdamedia
=338  \\$avolume$bnc$2rdacarrier
=500  \\$aIncludes Errata page.
=500  \\$6880-05$a"Ḥuqūq al-ṭabʻ maḥfūẓah lil-nāshir wa-jamīʻ al-nusakh makhtūmah bi-khitmihi" -- Title page verso.
=600  00$6880-06$aMuṣṭafá Kāmil,$d1874-1908.
=600  00$6880-07$aMuḥammad Farīd,$d1868-1919.
=600  10$6880-08$aZaghlūl, Saʻd,$d1857-1927.
=600  10$6880-09$aAtatürk, Kemal,$d1881-1938.
=600  10$6880-10$aGandhi,$cMahatma,$d1869-1948.
=600  17$aAtatürk, Kemal,$d1881-1938.$2fast$0(OCoLC)fst00053305
=600  17$aGandhi,$cMahatma,$d1869-1948.$2fast$0(OCoLC)fst00033822
=600  07$aMuḥammad Farīd,$d1868-1919.$2fast$0(OCoLC)fst00088856
=600  07$aMuṣṭafá Kāmil,$d1874-1908.$2fast$0(OCoLC)fst00093024
=600  17$aZaghlūl, Saʻd,$d1857-1927.$2fast$0(OCoLC)fst00117962
=650  \0$aNationalists$zEgypt$vBiography.
=650  \0$aIntellectuals$zEgypt$vBiography.
=650  \7$aIntellectuals.$2fast$0(OCoLC)fst00975799
=650  \7$aNationalists.$2fast$0(OCoLC)fst01033905
=651  \7$aEgypt.$2fast$0(OCoLC)fst01208755
=655  \7$aBiography.$2fast$0(OCoLC)fst01423686
=700  1\$6880-11$aRiḍā, Muḥyī al-Dīn,$eeditor.
=880  00$6245-01/r$aأبطال الوطنية :$bمصطفي كامل، محمد فريد، سعد زغلول، مصطفي كمال، مهاتما غاندي /$cمدبجة بأقلام عظماء منشئي هذا العصر ؛ عني بوضعها ونشرها محيي الدبن رضا.
=880  \\$6250-02/r$aالطبعة الأولى.
=880  \1$6264-03/r$aمصر :$bمحيي الدين رضا،$c1923.
=880  \3$6264-04/r$aمصر :$bمطبعة جريدة الصباح.
=880  \\$6500-05/r$a"حقوق الطبع محفوظة للناشر وجميع النسخ مختومة بختمه"   -- Title page verso.
=880  00$6600-06/r$aمصطفى كامل،$d1874-1908.
=880  00$6600-07/r$aمحمد فريد،$d1868-1919.
=880  10$6600-08/r$aزغلول، سعد،$d1857-1927.
=880  10$6600-09/r$aأتاتوررك، كمال،$d1881-1938.
=880  10$6600-10/r$aغاندي،$cمهاتما،$d1869-1948.
=880  1\$6700-11/r$aرضا، محيي الدين.
=999  \\$iUaCaAUL_b13142227$o(OCoLC)ocm29427673$sauc_aco000499$e(ERROR-880)
=994  \\$aC0$bZYU

