=LDR  01939cam a2200385Ii 4500
=001  ocn318937211
=003  OCoLC
=005  20190305074030.0
=008  021210s1951\\\\ua\b\\\\\b\\\\001\0\ara\d
=040  \\$aMEAUC$beng$cMEAUC$dOCLCF$dOCLCO$dOCLCQ$dOCLCO$dMEAUC
=035  \\$a(OCoLC)318937211
=043  \\$af-sj---
=090  \\$aDT132$b.M8 1951
=049  \\$aZYUU
=100  1\$6880-01$aMuḥammad, Muḥammad ʻAwaḍ,$eauthor.
=245  13$6880-02$aal-Sūdān al-shamālī :$bsukkānuh wa-qabāʼiluh /$ctʼalīf Muḥammad ʻAwaḍ Muḥammad, al-ustādh bi-Jāmiʻat Fuʼād al-Awwal Mudīr Maʻhad al-Dirāsāt al-Sūdānīyah.
=264  \1$6880-03$aal-Qāhirah :$bMaṭbaʻat Lajnat al-Taʼlīf wa-al-Tarjamah wa-al-Nashr,$c1951.
=300  \\$a316 pages, 12 unnumbered leaves of plates :$bmaps ;$c23 cm
=336  \\$atext$btxt$2rdacontent
=337  \\$aunmediated$bn$2rdamedia
=338  \\$avolume$bnc$2rdacarrier
=500  \\$6880-04$aAt head of title page: Lajnat al-Taʼlīf wa-al-Tarjamah wa-al-Nashr.
=500  \\$aIncludes Errata page.
=504  \\$aIncludes bibliographical references and indexes.
=650  \0$aEthnology$zSudan.
=651  \0$aSudan$xDescription and travel.
=650  \7$aEthnology.$2fast$0(OCoLC)fst00916106
=650  \7$aTravel.$2fast$0(OCoLC)fst01155558
=651  \7$aSudan.$2fast$0(OCoLC)fst01204591
=880  1\$6100-01$aمحمد، محمد عوض.
=880  12$6245-02$aالسودان الشمالي :$bسكانه وقبائله /$cتأليف محمد عوض محمد، الأستاذ بجامعة فؤاد الأول مدير معهد الدراسات السودانية.
=880  \1$6264-03$aالقاهرة :$bمطبعة لجنة التأليف والترجمة والنشر،$c1951.
=880  \\$6500-04$aAt head of title page: لجنة التأليف والترجمة والنشر.
=999  \\$iUaCaAUL_b1192312x$o(OCoLC)ocn318937211$sauc_aco000405
=994  \\$aC0$bZYU

