=LDR  01608cam a2200385 i 4500
=001  ocm42862586\
=003  OCoLC
=005  20190305074030.0
=008  991120s1945\\\\ua\\\\\\\\\\\\000\0\ararc
=040  \\$aPUL$beng$cPUL$dCGU$dOCLCQ$dLEILA$dOCLCG$dIXA$dOCLCF$dOCLCQ$dOCL
=035  \\$a(OCoLC)42862586
=042  \\$apcc
=043  \\$af-sj---
=050  \4$aDT156.7$b.H36 1945
=049  \\$aZYUU
=100  1\$6880-01$aḤamāmṣī, Jalāl al-Dīn,$d1912-
=245  10$6880-02$aMādhā fī al-Sūdān? /$cbi-qalam Jalāl al-Dīn al-Ḥamāmsī.
=260  \\$6880-03$a[al-Qāhirah] :$b[Dār al-Maʻārif],$c[1945]
=300  \\$a203 pages ;$c24 cm
=336  \\$atext$btxt$2rdacontent
=337  \\$aunmediated$bn$2rdamedia
=338  \\$avolume$bnc$2rdacarrier
=651  \0$aSudan$xHistory$y1899-1956.
=651  \0$aSudan$xPolitics and government$y1899-1956.
=650  \7$aPolitics and government$2fast$0(OCoLC)fst01919741
=651  \7$aSudan.$2fast$0(OCoLC)fst01204591
=648  \7$a1899-1956$2fast
=655  \7$aHistory.$2fast$0(OCoLC)fst01411628
=776  08$iOnline version:$aḤamāmṣī, Jalāl al-Dīn, 1912-$tMādhā fī al-Sūdān?$d[al-Qāhirah: Dār al-Maʻārif, 1945]$w(OCoLC)654715690
=880  1\$6100-01/r$aحمامصى، جلال الدين،$d1912-
=880  10$6245-02/r$aماذا فى السودان /$cبقلم جلال الدين الحمامصى.
=880  \\$6260-03/r$a[القاهرة] :$b[دار المعارف]،$c[1945]
=938  \\$aLeila Books$bLEIL$n17960
=999  \\$iUaCaAUL_b12914952$o(OCoLC)ocm42862586$sauc_aco000473
=994  \\$aC0$bZYU

