=LDR  01891cam a2200373Ii 4500
=001  ocm60498316\
=003  OCoLC
=005  20190305074030.0
=008  030604s1930\\\\ua\a\\\\\b\\\\000\0\ara\d
=040  \\$aMEAUC$beng$erda$cMEAUC$dOCLCF$dOCLCO$dOCLCQ$dMEAUC
=035  \\$a(OCoLC)60498316
=050  \4$aDS51.K7$bS5 1930
=049  \\$aZYUU
=100  1\$6880-01$aShīrkūh, Balahʹch.
=245  13$6880-02$aal-Qaḍīyah al-Kurdīyah :$bmāḍī al-Kurd wa-ḥāḍiruhum /$clil-duktūr Balah Ch. Shīrkūh.
=264  \1$6880-03$aMiṣr :$bMaṭbaʻat al-Saʻādah bi-jiwār Muḥāfaẓat Miṣr,$c1349, 1930.
=300  \\$a112 pages :$billustrations ;$c23 cm.
=336  \\$atext$btxt$2rdacontent
=337  \\$aunmediated$bn$2rdamedia
=338  \\$avolume$bnc$2rdacarrier
=490  1\$6880-04$aJamʻīyat Khuwaybūn al-Kurdīyah al-Waṭanīyah ;$val-nashrah al-khāmisah
=500  \\$aTitle page has photo for Iḥsān Nūrī bāshā al-qāʼid al-ʻāmm lil-Quwwāt al-Kurdīyah al-Waṭanīyah.
=504  \\$aIncludes bibliographical references.
=650  \0$aKurds$xHistory.
=650  \7$aKurds.$2fast$0(OCoLC)fst00989403
=655  \7$aHistory.$2fast$0(OCoLC)fst01411628
=830  \0$6880-05$aJamʻīyat Khuwaybūn al-Kurdīyah al-Waṭanīyah ;$val-nashrah 5.
=880  1\$6100-01/r$aشيركوه، بله چ.
=880  12$6245-02/r$aالقضية الكردية :$bماضي الكرد وحاضرهم /$cللدكتور بله ج. شيركوه.
=880  \1$6264-03/r$aمصر :$bمطبعة السعادة بجوار محافظة مصر،$c1349، 1930.
=880  1\$6490-04/r$aجمعية خويبون الكردية الوطنية ؛$vالنشرة الخامسة
=880  \0$6830-05/r$aجمعية خويبون الكردية الوطنية ؛ $vالنشرة 5.
=999  \\$iUaCaAUL_b12482456$o(OCoLC)ocm60498316$sauc_aco000398
=994  \\$aC0$bZYU

