=LDR  01823nam a2200337Ii 4500
=001  on1021811476
=003  OCoLC
=005  20190305074030.0
=008  180204s1945\\\\ua\b\\\\a\\\\\000\0\ara\d
=040  \\$aMEAUC$beng$erda$cMEAUC
=035  \\$a(OCoLC)1021811476
=090  \\$aE169$b.S5 1945
=049  \\$aZYUU
=100  1\$6880-01$aSharqāwī, Muḥammad ʻAbd al-Munʻim,$eauthor.
=245  13$6880-02$aal-Wilāyāt al-Muttaḥidah :$barḍan wa-shaʻban wa-dawlatan /$ctaʼlīf Muḥammad ʻAbd al-Munʻim al-Sharqāwī ustādh al-Jughrāfīyah al-musāʻid bi-Kulliyat al-Ādāb bi-Jāmiʻat Fuʼād al-awwal
=264  \1$6880-03$aal-Qāhirah :$bMaktabat al-Nahḍah al-Miṣrīyah,$c1945.
=264  \3$6880-04$aal-Qāhirah :$bMaṭbaʻat Lajnat al-Taʼlīf wa-al-Tarjamah wa-al-Nashr,$c1945.
=300  \\$a191 pages :$bmaps ;$c24 cm
=336  \\$atext$btxt$2rdacontent
=337  \\$aunmediated$bn$2rdamedia
=338  \\$avolume$bnc$2rdacarrier
=504  \\$aIncludes bibliographical references (pages190-191)
=651  \0$aUnited States$xDescription and travel.
=650  \7$aTravel.$2fast$0(OCoLC)fst01155558
=651  \7$aUnited States.$2fast$0(OCoLC)fst01204155
=880  1\$6100-01/r$aشرقاوي، محمد عبد المنعم،$eauthor.
=880  12$6245-02/r$aالولايات المتحدة :$bارضًا وشعباً ودولةً /$cتأليف محمد عبد المنعم الشرقاوي أستاذ الجغرافية المساعد بكلية الآداب بجامعة فؤاد الأول
=880  \1$6264-03/r$aالقاهرة :$bمكتبة النهضة المصرية،$c1945.
=880  \3$6264-04/r$aالقاهرة :$bمطبعة لجنة التأليف والترجمة والنشر،$c1945.
=999  \\$iUaCaAUL_b12650729$o(OCoLC)on1021811476$sauc_aco000551
=994  \\$aC0$bZYU

