=LDR  01742cam a2200385Ii 4500
=001  ocm23492796\
=003  OCoLC
=005  20190305074030.0
=008  891005s1936\\\\ua\ac\\\\\\\\\000\0\arao\
=010  \\$ane 68002188 
=040  \\$aDLC$beng$erda$cEYM$dCGU$dOCLCQ$dOCLCG$dOCLCA$dOCLCF$dOCLCO$dOCLCQ$dOCL$dMEAUC
=035  \\$a(OCoLC)23492796
=043  \\$af-ua---
=050  \4$aDT107.8$b.A13 1936
=049  \\$aZYUU
=100  1\$6880-01$aʻAbd al-Ḥamīd, Ḥusnī,$eauthor.
=245  13$6880-02$aal-Zaʻīm fī al-Ṣaʻīd, 1935 /$cḤusnī ʻAbd al-Ḥamīd.
=264  \1$6880-03$aMiṣr :$bMaṭbaʻat al-Nahḍah,$c[1936?]
=300  \\$a22, 251 pages, 4 unnumbered leaves of plates :$billustrations, portraits ;$c24 cm
=336  \\$atext$btxt$2rdacontent
=337  \\$aunmediated$bn$2rdamedia
=338  \\$avolume$bnc$2rdacarrier
=500  \\$aʻAbd al-Hamid's diary covering Muṣtafa al-Naḥḥás' visit to Upper Egypt in 1935; speeches by al-Naḥḥás and others; congratulatory poems and cables.
=600  10$6880-04$aNaḥḥās, Muṣṭafá,$d1879-1965.
=600  17$aNaḥḥās, Muṣṭafá,$d1879-1965.$2fast$0(OCoLC)fst01799231
=651  \0$aEgypt$xPolitics and government$y1919-1952.
=650  \7$aPolitics and government.$2fast$0(OCoLC)fst01919741
=651  \7$aEgypt.$2fast$0(OCoLC)fst01208755
=648  \7$a1919-1952$2fast
=880  1\$6100-01/r$aعبد الحميد، حسني.
=880  12$6245-02/r$aالزعيم في الصعيد، 1935 /$cحسني عبد الحميد.
=880  \1$6264-03/r$aمصر :$bمطبعة النهضة،$c[1936؟]
=880  14$6600-04/r$aنحاس، مصطفى،$d1879-1965.
=999  \\$iUaCaAUL_b12754705$o(OCoLC)ocm23492796$sauc_aco000474
=994  \\$aC0$bZYU

