=LDR  01518cam a2200337Ii 4500
=001  ocm60510423\
=003  OCoLC
=005  20190305074031.0
=008  050412s1936\\\\ua\a\\\\\b\\\\000\0\ara\d
=040  \\$aMEAUC$beng$cMEAUC$erda$dOCLCF$dOCLCO$dOCLCQ$dMEAUC
=035  \\$a(OCoLC)60510423
=090  \\$aGF33$b.I85 1936
=049  \\$aZYUU
=100  1\$6880-01$aIskandar, Luwīs ,$eauthor.
=245  13$6880-02$aal-Insān wa al-bīʼah /$ctaʼlīf Luwīs Iskandar Līsāns al-Muʻallimīn al-ʻulyā qism al-Ādāb.
=264  \1$6880-03$a[Cairo] :$bMaṭbūʻāt Maktabat al-Nahḍah al-Miṣrīyah,$c[1936]
=264  \3$6880-04$aMiṣr :$bMaṭbʻat al-Iʻtimād bi-Miṣr,$c[1936]
=300  \\$a182 pages :$billustrations ;$c20 cm
=336  \\$atext$btxt$2rdacontent
=337  \\$aunmediated$bn$2rdamedia
=338  \\$avolume$bnc$2rdacarrier
=500  \\$aIntroduction dated: 1936
=504  \\$aIncludes bibliographical references (page 3).
=650  \0$aHuman geography.
=650  \7$aHuman geography.$2fast$0(OCoLC)fst00963107
=880  1\$6100-01/r$aإسكندر، لويس.
=880  12$6245-02/r$aالانسان و البيئة /$cتأليف لويس اسكندر ليسانس المعلمين العليا قسم الآداب.
=880  \1$6264-03/r$a[Cairo] :$bمطبوعات مكتبة النهضة المصرية،$c[1936]
=880  \3$6264-04/r$aمصر :$bمطبعة الاعتماد بمصر،$c[1936]
=999  \\$iUaCaAUL_b13264229$o(OCoLC)ocm60510423$sauc_aco000529
=994  \\$aC0$bZYU

