=LDR  01676cam a2200385Ii 4500
=001  ocn995833003
=003  OCoLC
=005  20190305074031.0
=008  170731s1955\\\\le\\\\\\\b\\\\000\0bara\d
=040  \\$aMEAUC$beng$erda$cMEAUC$dMEAUC$dOCLCF
=035  \\$a(OCoLC)995833003
=090  \\$aDS37.7$b.B4x 1955
=049  \\$aZYUU
=245  03$6880-01$aal-Thāʼirūn fī al-tārīkh /$ctaʼlīf Dār al-Ḥikmah ; bi-ishrāf ʻAlī Nāṣir al-Dīn.
=246  33$6880-02$aUdhaynah wa-al-Zabbāʼ .
=264  \1$6880-03$aBayrūt :$bDār al-Ḥikmah,$c[1955]
=300  \\$a94 pages ;$c23 cm.
=336  \\$atext$btxt$2rdacontent
=337  \\$aunmediated$bn$2rdamedia
=338  \\$avolume$bnc$2rdacarrier
=490  1\$6880-04$aThāʼirūn al-ʻArab fī al-tārīkh ;$v1
=500  \\$aIntroduction dated 1955.
=504  \\$aIncludes bibliographical references (page 94).
=600  00$aZenobia,$cQueen of Palmyra.
=600  07$aZenobia,$cQueen of Palmyra.$2fast$0(OCoLC)fst00103197
=700  1\$6880-05$aNāṣir al-Dīn, ʻAlī,$esupervisor.
=830  \0$6880-06$aThāʼirūn al-ʻArab fī al-tārīkh ;$v1.
=880  02$6245-01$aالثائرون في التاريخ /$cتأليف دار الحكمة ؛ بإشراف علي ناصر الدين.
=880  33$6246-02$aأذينة والزباء .
=880  \1$6264-03$aبيروت :$bدار الحكمة،$c[1955]
=880  1\$6490-04$aثائرون العرب في التاريخ ؛$v1
=880  1\$6700-05$aناصر الدين، علي.
=880  \0$6830-06$aثائرون العرب في التاريخ ؛$v1.
=999  \\$iUaCaAUL_b12677796$o(OCoLC)ocn995833003$sauc_aco000445
=994  \\$aC0$bZYU

