=LDR  02277cam a2200493Ii 4500
=001  ocm23517869\
=003  OCoLC
=005  20190305074031.0
=008  890904m19251928sy\acf\\\b\\\\000\0\arard
=010  \\$a   59023144 
=040  \\$aEYM$beng$erda$cEYM$dIUL$dCGU$dOCLCQ$dNLM$dOCLCG$dCUY$dOCLCQ$dOCLCF$dOCLCO$dOCLCQ$dMEAUC$dLWU$dOCLCQ
=016  7\$a101287063$2DNLM
=019  \\$a841749081
=029  1\$aNLM$b101287063
=035  \\$a(OCoLC)23517869$z(OCoLC)841749081
=043  \\$aa-sy---
=050  \4$aDS95$b.K96
=060  00$aDS 95$bK96k 1925
=084  \\$a227.5$2njb/9
=049  \\$aZYUU
=100  1\$6880-01$aKurd ʻAlī, Muḥammad,$d1876-1953.
=240  10$6880-02$aKhiṭaṭ al-Shām
=245  10$6880-03$aKitāb khiṭaṭ al-Shām /$ctaʼlīf Muḥammad Kurd ʻAlī raʼīs al-Majmaʻ al-ʻIlmī al-ʻArabī.
=264  \1$6880-04$aDimashq :$bṬubiʻa fī al-Maṭbaʻah al-Ḥadīthah,$c1925-1928.
=300  \\$a6 volumes (2 unnumbered leaves of plates, 4 unnumbered pages of plates) :$billustrations, portraits ;$c28 cm
=336  \\$atext$btxt$2rdacontent
=337  \\$aunmediated$bn$2rdamedia
=338  \\$avolume$bnc$2rdacarrier
=500  \\$a"Ḥayāt Muḥammad Kurd ʻAlī". v. 6, p. [411]-425.
=504  \\$aIncludes bibliographical references (v. 1, pages 11-45).
=651  \0$aSyria$xDescription and travel.
=651  \0$aSyria$xHistory.
=650  12$aHistory.
=651  \2$aSyria.
=650  \7$aTravel.$2fast$0(OCoLC)fst01155558
=651  \7$aSyria.$2fast$0(OCoLC)fst01208757
=655  \7$aHistory.$2fast$0(OCoLC)fst01411628
=776  08$iOnline version:$aKurd ʻAlī, Muḥammad, 1876-1953.$tKitāb khiṭaṭ al-Shām.$dDimashq : al-Maṭbaʻah al-Ḥadīthah, 1925-1928$w(OCoLC)615613420
=880  1\$6100-01/r$aكرد علي، محمد،$d1876-1953.
=880  10$6240-02/r$aخطط الشام
=880  10$6245-03/r$aكتاب خطط الشام /$cتأليف محمد كرد علي رئيس المجمع العلمي العربي.
=880  \1$6264-04/r$aدمشق :$bطبع في المطبعة الحديثة،$c1925-1928.
=999  \\$iUaCaAUL_b23869616$o(OCoLC)ocm23517869$sauc_aco000346:v.1$sauc_aco000349:v.3$sauc_aco000347:v.2$sauc_aco000350:v.4$sauc_aco000351:v.5$sauc_aco000352:v.6
=994  \\$aC0$bZYU

