=LDR  03763cam a2200673Ii 4500
=001  ocm23508321\
=003  OCoLC
=005  20190305074031.0
=008  890926s1927\\\\ua\af\\\\\\\\\000\0\araod
=040  \\$aEYM$beng$erda$cEYM$dCGU$dOCLCQ$dOCLCF$dOCLCQ$dOCLCO$dMEAUC$dOCL$dOCLCA$dUKMGB
=016  7\$a013159961$2Uk
=029  1\$aUKMGB$b013159961
=035  \\$a(OCoLC)23508321
=090  \\$aBP70$b.J95x 1927
=049  \\$aZYUU
=100  1\$6880-01$aJumʻah, Muḥammad Luṭfī.
=245  10$6880-02$aTārīkh falāsifat al-Islām fī al-Mashriq wa-al-Maghrib :$bal-Kindī, al-Fārābī, Ibn Sīnā, al-Ghazālī, Ibn Bājah, Ibn Ṭufayl, Ibn Rushd, Ibn Khaldūn, Ikhwān al-Ṣafāʼ, Ibn al-Haytham, Muḥyī al-Dīn Ibn al-ʻArabī, Ibn Maskawyah  /$ctaʼlīf Muḥammad Luṭfī Jumʻah.
=264  \1$6880-03$aMiṣr :$bYuṭlab min multazim ṭabʻih wa-nashrih Najīb Mitrī ṣāḥib maṭbaʻat al-Maʻārif wa-Maktabatiha,$c1927 M, 1345 H.
=300  \\$a17, 327 pages, 3 leaves of plates :$billustrations ;$c25 cm
=336  \\$atext$btxt$2rdacontent
=337  \\$aunmediated$bn$2rdamedia
=338  \\$avolume$bnc$2rdacarrier
=520  \\$aAn account of Islamic philosophers and their works.
=600  00$aKindī,$d-approximately 873.
=600  00$aFārābī.
=600  00$aAvicenna,$d980-1037.
=600  00$aGhazzālī,$d1058-1111.
=600  00$aAvempace,$d-1138 or 1139.
=600  10$aIbn Ṭufayl, Muḥammad ibn ʻAbd al-Malik,$d-1185.
=600  00$aAverroës,$d1126-1198.
=600  00$aIbn Khaldūn,$d1332-1406.
=600  10$aAkhavān, Ṣafā.
=600  00$aAlhazen,$d965-1039.
=600  00$aIbn al-ʻArabī,$d1165-1240.
=600  10$aIbn Miskawayh, Aḥmad ibn Muḥammad,$d-1030.
=600  07$aAlhazen,$d965-1039$2fast$0(OCoLC)fst00069332
=600  07$aAvempace,$d-1138 or 1139$2fast$0(OCoLC)fst01805951
=600  07$aAverroës,$d1126-1198$2fast$0(OCoLC)fst00069334
=600  07$aAvicenna,$d980-1037$2fast$0(OCoLC)fst00048418
=600  07$aFārābī$2fast$0(OCoLC)fst00064544
=600  07$aGhazzālī,$d1058-1111$2fast$0(OCoLC)fst00095924
=600  07$aIbn al-ʻArabī,$d1165-1240$2fast$0(OCoLC)fst00019726
=600  07$aIbn Khaldūn,$d1332-1406$2fast$0(OCoLC)fst00017753
=600  17$aIbn Miskawayh, Aḥmad ibn Muḥammad,$d-1030$2fast$0(OCoLC)fst01825509
=600  17$aIbn Ṭufayl, Muḥammad ibn ʻAbd al-Malik,$d-1185$2fast$0(OCoLC)fst01825565
=600  07$aKindī,$d-approximately 873$2fast$0(OCoLC)fst01828754
=650  \0$aPhilosophy, Arab.
=650  \0$aIslamic philosophy.
=650  \0$aMuslim philosophers$vBibliography.
=650  \7$aIslamic philosophy.$2fast$0(OCoLC)fst01730358
=650  \7$aMuslim philosophers.$2fast$0(OCoLC)fst01030966
=650  \7$aPhilosophy, Arab.$2fast$0(OCoLC)fst01060873
=655  \7$aBibliography.$2fast$0(OCoLC)fst01423717
=776  08$iOnline version:$aJumʻah, Muḥammad Luṭfī.$tTārīkh falāsifat al-Islām fī al-Mashriq wa-al-Maghrib.$dMiṣr : Najīb Mitrī, 1927$w(OCoLC)709530999
=880  1\$6100-01$aجمعة، محمد لطفي.
=880  10$6245-02$aتاريخ فلاسفة الإسلام في المشرق والمغرب :$bلكندي، الفارابي، ابن سينا، الغزالي، ابن باجة، ابن طفيل، ابن رشد، ابن خلدون، إخوان الصفاء، ابن الهيثم، محيي الدين ابن العربي، ابن مسكوية  /$cتأليف محمد لطفي جمعة.
=880  \1$6264-03$aمصر :$bيطلب من ملتزم طبعه ونشره نجيب متري صاحب مطبعة المعارف ومكتبته،$c1927 م، 1345 هـ.
=999  \\$iUaCaAUL_b12559787$o(OCoLC)ocm23508321$sauc_aco000520
=994  \\$aC0$bZYU

