=LDR  01934cam a2200373Ii 4500
=001  ocn122972524
=003  OCoLC
=005  20190305074031.0
=008  000621s1930\\\\ua\c\\\\\b\\\\000\0\ara\d
=040  \\$aUaCaAUL$beng$erda$cMEAUC$dOCLCF$dOCLCO$dOCLCQ$dOCLCA$dMEAUC
=035  \\$a(OCoLC)122972524
=090  \\$aHD2956$b.L37 1930
=049  \\$aZYUU
=100  1\$6880-01$aLāshīn, Aḥmad,$eauthor.
=245  13$6880-02$aal-Taʻāwun al-istihlākī wa-al-ṣināʻī lil-ʻummāl wa-al-zirāʻī :$bal-taʻāwun fī al-aqrāḍ wa-fī al-bināʼ : al-taʻāwun fī Miṣr /$ctaʼlīf al-ustādh Aḥmad Lāshīn.
=264  \1$6880-03$aMiṣr :$bLajnat al-Taʼlīf wa-al-Tarjamah wa-al-Nashr,$c1930.
=264  \3$6880-04$aMiṣr :$bMaṭbaʻat al-Iʻtimād bi-Shāriʻ Ḥasan al-Akbar bi-Miṣr.
=300  \\$a24, 448 pages :$bportraits ;$c20 cm.
=336  \\$atext$btxt$2rdacontent
=337  \\$aunmediated$bn$2rdamedia
=338  \\$avolume$bnc$2rdacarrier
=490  1\$6880-05$aSilsilat al-maʻārif al-ʻāmmah
=504  \\$aIncludes bibliographical references.
=650  \0$aCooperation.
=650  \7$aCooperation.$2fast$0(OCoLC)fst00878116
=830  \0$6880-06$aSilsilat al-maʻārif al-ʻāmmah.
=880  1\$6100-01$aلاشين، أحمد.
=880  12$6245-02$aالتعاون الاستهلاكي والصناعي للعمال والزراعي :$bالتعاون في الاقراض وفي البناء : التعاون في مصر /$cتأليف الأستاذ أحمد لاشين.
=880  \1$6264-03$aمصر :$bلجنة التأليف والترجمة والنشر،$c1930.
=880  \3$6264-04$aمصر :$bمطبعة الاعتماد بشارع حسن الأكبر بمصر.
=880  1\$6490-05$aسلسلة المعارف العامة
=880  \0$6830-06$aسلسلة المعارف العامة.
=999  \\$iUaCaAUL_b1250189x$o(OCoLC)ocn122972524$sauc_aco000546
=994  \\$aC0$bZYU

