=LDR  01584cam a2200361Mi 4500
=001  ocm43058929\
=003  OCoLC
=005  20190305074031.0
=008  821218s1952\\\\ua\\\\\\\\\\\\000\0\ara\\
=010  \\$ane 65000117 
=040  \\$aDLC$beng$erda$cEQO$dOCLCF$dOCLCQ$dOCLCO$dOCL$dMEAUC
=035  \\$a(OCoLC)43058929
=043  \\$af-ua---
=050  00$aDT107.83$b.B295 1952
=049  \\$aZYUU
=100  1\$6880-01$aBarrāwī, Rāshid.
=245  10$6880-02$aḤaqīqat al-inqilāb al-akhīr fī Miṣr /$cbi-qalam duktūr Rāshid al-Barrāwī Kullīyat al-Tijārah, Jāmiʻat Fuʼād al-Awwal.
=250  \\$6880-03$aal-Ṭabʻah al-ūlá.
=264  \1$6880-04$aal-Qāhirah :$bMultazimat al-ṭabʻ wa-al-nashr Maktabat al-Nahḍah al-Miṣrīyah,$c1952.
=300  \\$a215 pages ;$c19 cm
=336  \\$atext$btxt$2rdacontent
=337  \\$aunmediated$bn$2rdamedia
=338  \\$avolume$bnc$2rdacarrier
=651  \0$aEgypt$xHistory$y1952-1970.
=651  \7$aEgypt.$2fast$0(OCoLC)fst01208755
=648  \7$a1952-1970$2fast
=655  \7$aHistory.$2fast$0(OCoLC)fst01411628
=880  1\$6100-01/r$aبراوي، راشد.
=880  10$6245-02/r$aحقيقة الانقلاب الأخير في مصر /$cبقلم دكتور راشد البراوي كلية التجارة، جامعة فؤاد الأول.
=880  \\$6250-03/r$aالطبعة الأولى.
=880  \1$6264-04/r$aالقاهرة :$bملتزمة الطبع والنشر مكتبة النهضة المصرية،$c1952.
=999  \\$iUaCaAUL_b12535618$o(OCoLC)ocm43058929$sauc_aco000421
=994  \\$aC0$bZYU

