=LDR  02153cam a2200457Ii 4500
=001  ocn122986862
=003  OCoLC
=005  20190305074031.0
=008  000712s1952\\\\ua\\\\\\\b\\\\000\0\ara\d
=040  \\$aUaCaAUL$beng$erda$cMEAUC$dOCLCO$dOCLCQ$dMEAUC$dOCLCF
=035  \\$a(OCoLC)122986862
=043  \\$af-ke---
=090  \\$aDT433.577$b.B32 1952
=049  \\$aZYUU
=100  1\$6880-01$aBarrāwī, Rāshid,$eauthor.
=245  10$6880-02$aMāw Māw :$bthawrat al-aḥrār fī Kīnyā /$cbi-qalam duktūr Rāshid al-Barrāwī, Kullīyat al-Tijārah - Jāmiʻat Fuʼād al-Awwal.
=250  \\$6880-03$aal-Ṭabʻah al-ūlá.
=264  \1$6880-04$aal-Qāhirah :$bMultazimat al-Ṭabʻ wa-al-Nashr Maktabat al-Nahḍah al-Miṣrīyah,$c1952.
=300  \\$a100 pages ;$c20 cm
=336  \\$atext$btxt$2rdacontent
=337  \\$aunmediated$bn$2rdamedia
=338  \\$avolume$bnc$2rdacarrier
=490  1\$6880-05$aDirāsāt fī al-sīyāsah al-istiʻmārīyah
=504  \\$aIncludes bibliographical references.
=610  20$aMau Mau.
=610  27$aMau Mau.$2fast$0(OCoLC)fst00535558
=651  \0$aKenya$xHistory$yMau Mau Emergency, 1950-1960.
=651  \0$aKenya$xPolitics and government.
=650  \7$aPolitics and government.$2fast$0(OCoLC)fst01919741
=651  \7$aKenya.$2fast$0(OCoLC)fst01208718
=648  \7$a1950-1960$2fast
=655  \7$aHistory.$2fast$0(OCoLC)fst01411628
=830  \0$6880-06$aDirāsāt fī al-siyāsah al-istiʻmariyah.
=880  1\$6100-01/r$aبراوي، راشد.
=880  10$6245-02/r$aماو ماو :$bثورة الأحرار في كينيا /$cبقلم دكتور راشد البراوي، كلية التجارة - جامعة فؤاد الاول.
=880  \\$6250-03/r$aالطبعة الأولى.
=880  \1$6264-04/r$aالقاهرة :$bملتزمة الطبع والنشر مكتبة النهضة المصرية،$c1952.
=880  1\$6490-05/r$aدراسات في السياسة الاستعمارية
=880  \0$6830-06/r$aدراسات في السياسة الاستعمرية.
=999  \\$iUaCaAUL_b1251388x$o(OCoLC)ocn122986862$sauc_aco000447
=994  \\$aC0$bZYU

