=LDR  01535cam a2200349Ii 4500
=001  ocn122899222
=003  OCoLC
=005  20190305074031.0
=008  000627s1913\\\\ua\\\\\\\b\\\\000\0\ara\d
=040  \\$aUaCaAUL$beng$erda$cMEAUC$dOCLCF$dOCLCO$dOCLCQ$dMEAUC
=035  \\$a(OCoLC)122899222
=043  \\$af-ua---
=090  \\$aDT77$b.A4 1913
=049  \\$aZYUU
=100  1\$6880-01$aʻAmmūn, Hind Iskandar,$eauthor.
=245  10$6880-02$aTārīkh Miṣr /$cbi-qalam Hind Iskandar ʻAmmūn.
=264  \1$6880-03$aMiṣr :$bMaṭbaʻat al-Maʻārif,$c[1913]
=300  \\$a313 pages, 1 unnumered leaf of plates ;$c24 cm
=336  \\$atext$btxt$2rdacontent
=337  \\$aunmediated$bn$2rdamedia
=338  \\$avolume$bnc$2rdacarrier
=500  \\$6880-04$aAt head of title page: Qarrarat Wizārt al-Maʻārif al-ʻUmūmīyah tadrīs hādhā al-kitāb fī al-madāris al-Amīrīyah.
=504  \\$aIncludes bibliographical references.
=651  \0$aEgypt$xHistory.
=651  \7$aEgypt.$2fast$0(OCoLC)fst01208755
=655  \7$aHistory.$2fast$0(OCoLC)fst01411628
=880  1\$6100-01$aعمون، هند اسكندر.
=880  10$6245-02$aتاريخ مصر /$cبقلم هند اسكندر عمون.
=880  \1$6264-03$aمصر :$bمطبعة المعارف،$c[1913]
=880  \\$6500-04$aAt head of title page: قررت وزارة المعارف العمومية تدريس هذا الكتاب في المدارس الأميرية.
=999  \\$iUaCaAUL_b12506916$o(OCoLC)ocn122899222$sauc_aco000419
=994  \\$aC0$bZYU

