=LDR  01875cam a2200421Ii 4500
=001  ocm09108350\
=003  OCoLC
=005  20190305074031.0
=008  830107s1927\\\\mr\\\\\\\\\\\\000\0\arar\
=010  \\$a   72274659 
=040  \\$aDLC$beng$erda$cWAU$dWAU$dOCLCQ$dOCLCO$dMEAUC$dOCLCF
=035  \\$a(OCoLC)9108350
=043  \\$af-mr---
=050  0\$aDT303$b.G5 1927
=049  \\$aZYUU
=100  1\$6880-01$aGhirrīṭ, Muḥammad.
=240  10$6880-02$aFawāṣil al-jumān fī anbāʼ wuzarāʼ wa-kuttāb al-zamān
=245  10$6880-03$aKitāb fawāṣil a-jumān fī anbāʼ wuzarāʼ wa-kuttāb al-zamān /$cbi-qalam al-Kātib al-Adīb Ghirrīṭ.
=250  \\$6880-04$aal-Ṭabʻah al-ūlá.
=264  \1$aFās :$bʻAbd al-ʻAzīz Bū Ṭālib,$c1346 [1927 or 1928]
=264  \3$6880-05$aFās :$bal-Maṭbaʻah al-Jadīdah,$c[1927]
=300  \\$a312 pages ;$c24 cm
=336  \\$atext$btxt$2rdacontent
=337  \\$aunmediated$bn$2rdamedia
=338  \\$avolume$bnc$2rdacarrier
=500  \\$aIncludes errata pages.
=650  \0$aStatesmen, Moroccan.
=650  \0$aArabic literature$zMorocco.
=650  \7$aArabic literature.$2fast$0(OCoLC)fst00812478
=651  \7$aMorocco.$2fast$0(OCoLC)fst01205592
=880  1\$6100-01/r$aغريط، محمد.
=880  10$6240-02/r$aفواصل الجمان في أنباء وزراء وكتاب الزمان
=880  10$6245-03/r$aكتاب فواصل الجمان في أنباء وزراء و كتاب الزمان /$cبقلم الكاتب الأديب محمد غريط.
=880  \\$6250-04/r$aالطبعة الأولى.
=880  \1$6264-00/r$aفاس :$bعبد العزيز بو طالب،$c1346 [1927 or 1928]
=880  \3$6264-05/r$aفاس :$bالمطبعة الجديدة،$c[1927]
=999  \\$iUaCaAUL_b1253741x$o(OCoLC)ocm09108350$sauc_aco000402$e(ERROR-880)
=994  \\$aC0$bZYU

