=LDR  05136cam a2200517Ii 4500
=001  ocm70801467\
=003  OCoLC
=005  20190305074031.0
=008  060717m19001901ua\\\\\\\\\\\\000\0\ara\d
=040  \\$aNjP$beng$erda$cSTF$dOCLCG$dORZ$dOCLCF$dOCLCQ$dMEAUC$dOCLCO
=035  \\$a(OCoLC)70801467
=043  \\$aa-le---
=050  \4$aDS80.9$b.H39 1900
=049  \\$aZYUU
=100  1\$6880-01$aḤaydar Aḥmad al-Shihābī, Amīr,$d1761?-1835?
=240  10$6880-02$aGhurar al-ḥisān fī akhbār abnāʼ al-zmān
=245  10$6880-03$aKitāb Tārīkh al-Amīr Ḥaydar Aḥmad al-Shihābī /$cwa-qad uḍīfat ilayhi ḥawāshī wa-iḍāfāt ʻadīdah bi-qalam multazim ṭabʻihi Naʻūm Mughabghab B. ʻA.
=246  30$6880-04$aTārīkh al-Amīr Ḥaydar Aḥmad al-Shihābī
=246  33$6880-05$aGhurar al-ḥisān fī tawārīkh ḥawādith al-azmān
=246  33$6880-06$aKitāb al-Ghurar al-ḥisān fī tawārīkh ḥawādith al-azmān
=264  \1$6880-07$aMiṣr :$bṬubiʻ bi-Maṭbaʻat al-Salām bi-Miṣr,$c1900-1901.
=300  \\$a3 volumes in 1 (1052 pages) ;$c24 cm
=336  \\$atext$btxt$2rdacontent
=337  \\$aunmediated$bn$2rdamedia
=338  \\$avolume$bnc$2rdacarrier
=500  \\$6880-08$a"(Tanbīh) inna tārīkh salāṭīn Āl ʻUthmān yastamir fī hādhā al-juzʼ kamā sabaq wa-lakinnahu yabtadī bi-taqsīm jadīd li-ajl suhūlat al-murājaʻah fī ḥukm Lubnān."--Page 747.
=500  \\$6880-09$aḤuqūq al-ṭabʻ maḥfūẓah.
=505  0\$6880-10$aal-Juzʼ al-awwal.  Kitāb al-Ghurar al-ḥisān fī tawārīkh ḥawādith al-azmān : wa-huwa yataḍammanu tārīkh alf wa-miʼah wa-ithnayn wa-sittīn sanah min mawlid al-Nabī, ṣallá Allāh ʻalayhi wa-sallam, ilá mawt al-Amīr Aḥmad al-Maʻnī -- al-Juzʼ al-thānī. al-musammá Kitāb Nuzʹhat al-zamān fī tārīkh jabal Lubnān : wa-huwa yataḍammanu wilāyat al-umarāʼ al-Shihābīyīn ʻalá jabal Lubnān mubtadiʼan min wafāt al-amīr Aḥmad al-Maʻnī wa-intiqāl al-ḥukm lil-Shihābīyīn ilá wilāyat al-Amīr Bashīr ʻUmar al-kabīr wa-huwa yashtamil ʻalá tārīkh 106 sinīn min sanat 1110 H.-1216 H. -- al-Juzʼ al-thālith. al-musammá al-Rawḍ al-naḍīr fī wilāyat al-Amīr Bashīr Qāsim al-kabīr wa-aʻmāluhu ḥattá mawtih wa-huwa yashtamil ʻalá tārīkh 28 sanah min sanat 1227 H. ilá sanat 1267.
=651  \0$aLebanon$xHistory.
=651  \7$aLebanon.$2fast$0(OCoLC)fst01206063
=655  \7$aHistory.$2fast$0(OCoLC)fst01411628
=700  1\$6880-11$aMughabghab, Naʻūm.
=776  08$iOnline version:$aḤaydar Aḥmad al-Shihābī, Amīr, 1761?-1835?$sGhurar al-ḥisān fī akhbār abnāʼ al-zmān.$tKitāb Tārīkh al-Amīr Ḥaydar Aḥmad al-Shihābī.$dMiṣr : Maṭbaʻat al-Salām, 1900-1901$w(OCoLC)809471720
=880  1\$6100-01/r$aحيدر احمد الشهابي، امير،$d1761؟-1835؟
=880  10$6240-02/r$aغرر الحسان في اخبار ابناء الزمان
=880  10$6245-03/r$aكتاب تاريخ الامير حيدر احمد الشهابي /$cوقد اضيفت اليه حواشي واضافات عديدة بقلم ملتزم طبعه نعوم مغبغب ب. ع.
=880  30$6246-04/r$aتاريخ الامير حيدر احمد الشهابي
=880  33$6246-05/r$aغرر الحسان في تواريخ حوادث الازمان
=880  33$6246-06/r$aكتاب الغرر الحسان في تواريخ حوادث الازمان
=880  \1$6264-07/r$aمصر :$bطبع بمطبعة السلام بمصر،$c1900-1901.
=880  \\$6500-08/r$a"(تنبيه) ان تاريخ سلاطين آل عثمان يستمر في هذا الجزء كما سبق ولكنه يبتدي بتقسيم جديد لاجل سهولة المراجعة في حكم لبنان."--Page 747.
=880  \\$6500-09/r$aحقوق الطبع محفوظة.
=880  0\$6505-10/r$aالجزء الاول.  كتاب الغرر الحسان في تواريخ حوادث الازمان : وهو يتضمن تاريخ الف ومائة واثنين وستين سنة من مولد النبي، صلى الله عليه وسلم، الى موت الامير احمد المعني -- الجزء الثاني. المسمى كتاب نزهة الزمان في تاريخ جبل لبنان : وهو يتضمن ولاية الامراء الشهابيين على جبل لبنان مبتدئا من وفات الامير احمد المعني وانتقال الحكم للشهابيين الى ولاية الامير بشير عمر الكبير وهو يشتمل على تاريخ 106 سنين من سنة 1110 ه.-1216 ه. -- الجزء الثالث. المسمى الروض النضير في ولاية الامير بشير قاسم الكبير واعماله حتى موته : وهو يشتمل على تاريخ 28 سنة من سنة 1227 ه. الى سنة 1267.
=880  1\$6700-11/r$aمغبغب، نعوم.
=999  \\$iUaCaAUL_b23861344$o(OCoLC)ocm70801467$sauc_aco000510:3 v. in 1
=994  \\$aC0$bZYU

