=LDR  01844cam a2200457Ii 4500
=001  ocm29266822\
=003  OCoLC
=005  20190305074031.0
=008  931108s1950\\\\le\\\\\\\\\\\\000\0\arard
=040  \\$aCLE$beng$erda$cCLE$dOCLCQ$dGZM$dJPG$dOCLCQ$dOCLCA$dOCLCF$dOCLCQ$dMEAUC
=019  \\$a18402156$a220020001
=029  1\$aAU@$b000004698160
=035  \\$a(OCoLC)29266822$z(OCoLC)18402156$z(OCoLC)220020001
=043  \\$af-mr---$ae-sp---
=050  14$aDT173$b.I268 1950
=082  \4$a960$b503
=049  \\$aZYUU
=100  1\$6880-01$aIbn ʻIdhārī, Muḥammad,$d-approximately 1295.
=240  10$6880-02$aBayān al-mughrib
=245  13$6880-03$aal-Bayān al-mughrib fī akhbār al-Maghrib /$cIbn ʻAdārī al-Marrākushī.
=246  33$6880-04$aAkhbār al-Maghrib
=246  33$6880-05$aAkhbār al-Andalus
=264  \1$6880-06$aBayrūt :$bMaktabat Ṣādir,$c1950.
=300  \\$a2 volumes ;$c20 cm
=336  \\$atext$btxt$2rdacontent
=337  \\$aunmediated$bn$2rdamedia
=338  \\$avolume$bnc$2rdacarrier
=505  0\$av. 1. Akhbār al-Maghrib -- v. 2. Akhbār al-Andalus.
=651  \0$aMorocco$xHistory.
=651  \0$aSpain$xHistory.
=651  \7$aMorocco.$2fast$0(OCoLC)fst01205592
=651  \7$aSpain.$2fast$0(OCoLC)fst01204303
=655  \7$aHistory.$2fast$0(OCoLC)fst01411628
=880  1\$6100-01/r$aابن عاذاري، محمد،$d-approximately 1295.
=880  10$6240-02/r$aبيان المغرب
=880  12$6245-03/r$aالبيان المغرب في أخبار المغرب /$cابن عذاري المراكشي.
=880  33$6246-04/r$aأخبار المغرب
=880  33$6246-05/r$aأخبار الأندلس
=880  \1$6264-06/r$aبيروت :$bمكتبة صادر،$c1950.
=999  \\$iUaCaAUL_b11512325$o(OCoLC)ocm29266822$sauc_aco000464:v.1$sauc_aco000466:v.2
=994  \\$aC0$bZYU

