=LDR  01356cam a2200337Ii 4500
=001  ocm71010931\
=003  OCoLC
=005  20190305074031.0
=008  060704s1954\\\\le\ac\\\\\\\\\000\0\ara\d
=040  \\$aMEAUC$beng$erda$cMEAUC$dOCLCQ$dOCLCF$dOCLCO$dOCLCQ$dMEAUC
=035  \\$a(OCoLC)71010931
=043  \\$aa-cc---
=050  \4$aDS711$b.A64 1954
=049  \\$aZYUU
=100  1\$6880-01$aAdʹhamī, ʻAbd al-Salām.
=245  13$6880-02$aal-Ṣīn al-jadīdah fī ẓill al-ishtirākīyah /$cʻAbd al-Salām al-Adʹhamī.
=250  \\$6880-03$aal-Ṭabʻah al-ūlá.
=264  \1$6880-04$aBayrūt :$bDār al-ʻIlm lil-Malāyīn,$c1954
=300  \\$a180 pages :$billustrations, portraits ;$c20 cm
=336  \\$atext$btxt$2rdacontent
=337  \\$aunmediated$bn$2rdamedia
=338  \\$avolume$bnc$2rdacarrier
=651  \0$aChina$xDescription and travel.
=650  \7$aTravel.$2fast$0(OCoLC)fst01155558
=651  \7$aChina.$2fast$0(OCoLC)fst01206073
=880  1\$6100-01$aأدهمي، عبد السلام.
=880  12$6245-02$aالصين الجديدة في ظل الاشتراكية /$cعبد السلام الأدهمي.
=880  \\$6250-03$aالطبعة الاولى.
=880  \1$6264-04$aبيروت :$bدار العلم للملايين،$c1954
=999  \\$iUaCaAUL_b23858394$o(OCoLC)ocm71010931$sauc_aco000417
=994  \\$aC0$bZYU

