=LDR  01345cam a2200325Ia 4500
=001  ocm30326853\
=003  OCoLC
=005  20190305074031.0
=008  940425s1936\\\\le\\\\\\\b\\\\000\0darard
=040  \\$aAZU$beng$cAZU$dOCLCG$dOCLCA$dOCLCF$dOCLCQ$dCUT$dMEAUC
=035  \\$a(OCoLC)30326853
=050  \4$aDS238.M76$bA28 1936
=049  \\$aZYUU
=100  1\$6880-01$aAbū al-Naṣr, ʻUmar.
=245  10$6880-02$aMuʻāwiyah ibn Abī Sufyān /$ctaʼlīf ʻUmar Abū al-Naṣr.
=250  \\$6880-03$aal-Ṭabʻah al-ūlá.
=260  \\$6880-04$a[Beirut] :$bal-Maktabah al-Ahlīyah,$c1936.
=300  \\$a159 pages ;$c22 cm
=336  \\$atext$btxt$2rdacontent
=337  \\$aunmediated$bn$2rdamedia
=338  \\$avolume$bnc$2rdacarrier
=504  \\$aIncludes bibliographical references (page 158).
=600  00$aMuʻāwiyah ibn Abī Sufyān,$cCaliph,$d-680.
=600  07$aMuʻāwiyah ibn Abī Sufyān,$cCaliph,$d-680$2fast$0(OCoLC)fst01836239
=880  1\$6100-01$a‏أبو النصر،‏‏ عمر.
=880  10$6245-02$a‏معاوية بن أبي سفيان /‏$c‏تأليف عمر أبو النصر.
=880  \\$6250-03$aالطبعة الأولى.
=880  \\$6260-04$a‏[Beirut] :‏$b‏المكتبة الأهلية،‏$c‏1936.
=999  \\$iUaCaAUL_b13767525$o(OCoLC)ocm30326853$sauc_aco000523
=994  \\$aC0$bZYU

