=LDR  01751cam a2200397Mi 4500
=001  ocm23499232\
=003  OCoLC
=005  20190305074031.0
=008  891004s1934\\\\xx\\\\\\\\\\\\000\0\ara\d
=040  \\$aEYM$beng$cEYM$dOCLCQ$dOCLCG$dOCLCQ$dOCLCF$dOCLCO$dOCLCQ$dNDD$dOCLCA$dCUT$dOCL
=029  1\$aGBVCP$b868625841
=035  \\$a(OCoLC)23499232
=043  \\$af-mr---
=050  \4$aDT324.92.A3$bA28 1934
=049  \\$aZYUU
=100  1\$6880-01$aAbū al-Naṣr, ʻUmar.
=245  10$6880-02$aBaṭal al-Rīf :$bal-Amīr 'Abd al-Karīm /$ctakhayyarahu wa-ʻarrabahu ʻan ʻiddat maṣādir ajnabīyah ʻUmar Abū al-Naṣr.
=250  \\$6880-03$aal-Ṭabʻah 1.
=260  \\$6880-04$aBayrūt :$bal-Maktabah al-Ahlīyah,$c1934.
=300  \\$a236 pages ;$c23 cm
=336  \\$atext$btxt$2rdacontent
=337  \\$aunmediated$bn$2rdamedia
=338  \\$avolume$bnc$2rdacarrier
=600  00$6880-05$aAbd el-Krim,$d1882-1963.
=651  \0$aMorocco$xHistory.
=600  07$aAbd el-Krim,$d1882-1963$2fast$0(OCoLC)fst00018315
=651  \7$aMorocco.$2fast$0(OCoLC)fst01205592
=655  \7$aHistory.$2fast$0(OCoLC)fst01411628
=776  08$iOnline version:$aAbū al-Naṣr, ʻUmar.$tBatal al-rīf al-Amīr ʻ'Abd al-Karīm.$d1934$w(OCoLC)614693230
=880  1\$6100-01/r$aابو النصر، عمر.
=880  00$6245-02/r$aبطل الريف :$bالأمير عبد الكريم /$cتخيره و عربه عن عدة مصادر اجنبية عمر أبو النصر.
=880  \\$6250-03/r$aالطبعة 1.
=880  \\$6260-04/r$aبيروت :$bالمكتبة الاهلية،$c1934.
=880  00$6600-05/r$aعبد الكريم،$d1882-1963.
=999  \\$iUaCaAUL_b12530918$o(OCoLC)ocm23499232$sauc_aco000403$e(ERROR-880)
=994  \\$aC0$bZYU

