=LDR  02338cam a2200397Ii 4500
=001  ocm36542553\
=003  OCoLC
=005  20190305074031.0
=008  890428s1941\\\\ua\\\\\\\b\\\\001\0\ara\\
=010  \\$a  85961404 
=040  \\$aDLC$beng$erda$cDLC$dOCLCQ$dOCLCO$dOCLCQ$dMEAUC$dOCLCF
=035  \\$a(OCoLC)36542553
=043  \\$af-ua---
=090  \\$aDT45$b.A54 1941
=049  \\$aZYUU
=245  03$6880-01$aal-Dalīl al-jughrāfī :$bli-asmāʼ al-mudun wa-al-nawāḥī al-Miṣrīyah al-muʻtabarah waḥdah ʻaqārīyah li-ḥaṣr al-arāḍī wa-taḥṣīl al-amwāl al-muqarrarah /$cMaṣlaḥat al-Misāḥah.
=264  \1$6880-02$aal-Qāhirah :$bṬubiʻa bi-al-Maṭbaʻah al-Amīrīyah,$c1941.
=300  \\$a17, 380 pages ;$c25 cm
=336  \\$atext$btxt$2rdacontent
=337  \\$aunmediated$bn$2rdamedia
=338  \\$avolume$bnc$2rdacarrier
=500  \\$6880-03$aAt head of title page: Wizārat al-Mālīyah.
=500  \\$6880-04$aTubāʻ maṭbūʻāt al-ḥukūmah bi-ṣālat al-bayʻ bi-Wizārat al-Mālīyah - ammā al-mukātabāt al-khāṣṣah bi-hādhihi al-maṭbūʻāt fatursal raʼsan ilá Qism al-Nashr bi-al-Maṭbaʻah al-Amīrīyah.
=504  \\$aIncludes bibliographical references and indexes.
=651  \0$aEgypt$vGazetteers.
=651  \7$aEgypt.$2fast$0(OCoLC)fst01208755
=653  0\$aGuide for geographical names in Egypt.
=655  \7$aGazetteers.$2fast$0(OCoLC)fst01423817
=710  1\$6880-05$aEgypt.$bMaṣlaḥat al-Misāḥah.
=880  02$6245-01$aالدليل الجغرافي :$bلأسماء المدن والنواحي المصرية المعتبرة وحدة عقارية لحصر الأراضي وتحصيل الأموال المقررة /$cمصلحة المساحة.
=880  \1$6264-02$aالقاهرة :$bطبع بالمطبعة الأميرية،$c1941.
=880  \\$6500-03$aAt head of title page: وزارة المالية.
=880  \\$6500-04$aتباع مطبوعات الحكومة بصالة البيع بوزارة المالية - أما المكاتبات الخاصة بهذه المطبوعات فترسل رأسا إلى قسم النشر بالمطبعة الأميرية.
=880  1\$6710-05$aمصر.$bمصلحة المساحة.
=999  \\$iUaCaAUL_b12413616$o(OCoLC)ocm36542553$sauc_aco000454
=994  \\$aC0$bZYU

