=LDR  01934cam a2200409Ia 4500
=001  ocm21033445\
=003  OCoLC
=005  20190305074031.0
=008  831018s1933\\\\ua\a\\\\\\\\\\000\0\arao\
=010  \\$a  83968157 
=040  \\$aDLC$beng$cDLC$dOSU$dOCLCQ$dOCLCO$dOCLCF$dOCLCQ$dZCU$dOCLCO$dGBVCP$dMEAUC$dOCLCQ
=019  \\$a957234423
=029  1\$aGBVCP$b602338492
=035  \\$a(OCoLC)21033445$z(OCoLC)957234423
=043  \\$aaw-----
=050  00$aDS49$b.S94 1933
=049  \\$aZYUU
=100  1\$6880-01$aSulaymān, Muḥammad,$eauthor.
=245  10$6880-02$aRasāʼil sāʼir min bilād al-ʻArab ilá bilād al-Yūnān /$cbi-qalam al-shaykh Muḥammad Sulaymān ; jamaʻahā wa-nasharahā ʻAlī Muḥammad Nadá bi-sikritīrīyat majlis al-shuyūkh.
=264  \1$6880-03$a[Cairo] :$bal-Maṭbaʻah al-Salafīyah wa-Maktabatuhā,$c[1933]
=300  \\$a264 pages :$billustrations ;$c24 cm
=336  \\$atext$btxt$2rdacontent
=337  \\$aunmediated$bn$2rdamedia
=338  \\$avolume$bnc$2rdacarrier
=500  \\$6880-04$a"'Ḥaqq al-Ṭabʻ wa-al-tarjamah maḥfūẓ'"
=546  \\$aIn arab. Schr., arab.
=651  \0$aMiddle East$xDescription and travel.
=651  \0$aMiddle East$xHistory.
=650  \7$aTravel.$2fast$0(OCoLC)fst01155558
=651  \7$aMiddle East.$2fast$0(OCoLC)fst01241586
=655  \7$aHistory.$2fast$0(OCoLC)fst01411628
=880  1\$6100-01$aسليمان، محمد ،,$eauthor.
=880  10$6245-02$aرسائل سائر من بلاد العرب الى بلاد اليونان /$cبقلم الشيخ محمد سليمان ؛ جمعها ونشرها علي محمد ندى بسكرتيرية مجلس الشيوخ.
=880  \1$6264-03$a[القاهرة] :$bالمطبعة السلفية ومكتبتها،$c[1933]
=880  \\$6500-04$a"'حق الطبع والترجمة محفوظ'"
=999  \\$iUaCaAUL_b12970402$o(OCoLC)ocm21033445$sauc_aco000465
=994  \\$aC0$bZYU

