=LDR  01398cam a2200337Mi 4500
=001  ocn122747920
=003  OCoLC
=005  20190305074031.0
=008  000223s1935\\\\ua\aef\\\\\\\\000\0\ara\d
=040  \\$aUaCaAUL$beng$erda$cMEAUC$dOCLCF$dOCLCO$dOCLCQ$dMEAUC
=035  \\$a(OCoLC)122747920
=043  \\$af-ua---
=050  \4$aDT70$b.S3x 1935
=049  \\$aZYUU
=100  1\$6880-01$aṢābir, Muḥammad.
=245  10$6880-02$aṢafaḥāt min ḥayāt al-farāʻinah /$cbi-qalam Muḥammad Ṣābir.
=264  \1$6880-03$aal-Qāhirah :$bMaṭbaʻat Ḥalīm bi-shāriʻ Nūbār raqm 61 bi-al-Qāhirah,$c1935.
=300  \\$a144 pages, 1 leaf of plates :$billustrations, plan ;$c19 cm
=336  \\$atext$btxt$2rdacontent
=337  \\$aunmediated$bn$2rdamedia
=338  \\$avolume$bnc$2rdacarrier
=651  \0$aEgypt$xSocial life and customs.
=651  \0$aEgypt$xCivilization.
=650  \7$aCivilization.$2fast$0(OCoLC)fst00862898
=650  \7$aManners and customs.$2fast$0(OCoLC)fst01007815
=651  \7$aEgypt.$2fast$0(OCoLC)fst01208755
=880  1\$6100-01$aصابر، محمد.
=880  10$6245-02$aصفحات من حياة الفراعنة /$cبقلم محمد صابر.
=880  \1$6264-03$aالقاهرة :$bمطبعة حليم بشارع نوبار رقم 61 بالقاهرة،$c1935.
=999  \\$iUaCaAUL_b12421959$o(OCoLC)ocn122747920$sauc_aco000433
=994  \\$aC0$bZYU

