=LDR  02376cam a2200397Mi 4500
=001  ocn318942570
=003  OCoLC
=005  20190305074031.0
=008  060418s1937\\\\iq\abfh\\b\\\\000\0\ara\d
=040  \\$aMEAUC$beng$erda$cMEAUC$dOCLCF$dOCLCO$dOCLCQ$dMEAUC$dOCLCO
=035  \\$a(OCoLC)318942570
=043  \\$aa-iq---
=050  \4$aDS79.9.K9$bH38 1937
=049  \\$aZYUU
=100  1\$6880-01$aḤassūn al-Burāqī, Ḥusayn ibn al-Sayyid Aḥmad,$d1845-1914.
=245  10$6880-02$aTārīkh al-Kūfah /$ctaʼlīf al-muʼarrikh al-shahīr al-Sayyid Ḥusayn ibn al-Sayyid Aḥmad al-Burāqī al-Najafī al-mutawaffá sanat 1332 ; ḥarrarahu wa-aḍāfa ilayhi akthar al-mawāḍīʻ al-muhimmah al-ustādh al-sayyid Muḥammad Ṣādiq Āl Baḥr al-ʻUlūm.
=264  \1$6880-03$aal-Najaf, al-ʻIrāq :$bmin nashrīyāt al-Maktabah al-Murtaḍawīyah wa-Maṭbaʻatuhā al-Ḥaydarīyah,$c1356 [1937]
=264  \3$6880-04$aal-Najaf, al-ʻIrāq :$bal-Maṭbaʻah al-Ḥaydarīyah.
=300  \\$a12, 463 pages, 10 unnumbered leaves of plates (1 folded map) :$billustrations, facsimile ;$c24 cm
=336  \\$atext$btxt$2rdacontent
=337  \\$aunmediated$bn$2rdamedia
=338  \\$avolume$bnc$2rdacarrier
=500  \\$aIncludes errata pages.
=504  \\$aIncludes bibliographical references.
=651  \0$aKūfah (Iraq)
=651  \0$aKūfah (Iraq)$xHistory.
=651  \7$aIraq$zKūfah.$2fast$0(OCoLC)fst01239339
=655  \7$aHistory.$2fast$0(OCoLC)fst01411628
=700  1\$6880-05$aBaḥr al-ʻUlūm, Muḥammad Ṣādiq.
=880  1\$6100-01$aحسون البراقي، حسين بن السيد أحمد،$d1845-1914
=880  10$6245-02$aتاريخ الكوفة /$cتأليف المؤرخ الشهير السيد حسين بن السيد أحمد البراقي النجفي المتوفى سنة 1332 ؛ حرره واضاف اليه اكثر المواضيع المهمة الاستاذ السيد محمد صادق آل بحر العلوم.
=880  \1$6264-03$aالنجف، العراق :$bمن نشريات المكتبة المرتضوية ومطبعتها الحيدرية،$c1356 [1937]
=880  \3$6264-04$aالنجف، العراق :$bلمطبعة الحيدرية.
=880  1\$6700-05$aبحر العلوم، محمد صادق.
=999  \\$iUaCaAUL_b13278290$o(OCoLC)ocn318942570$sauc_aco000493
=994  \\$aC0$bZYU

