=LDR  02476cam a22005051i 4500
=001  ocm16075215\
=003  OCoLC
=005  20190305074031.0
=008  870625s1908\\\\ua\a\\\\\\\\\\000\0\ara\\
=010  \\$ane 68002170 
=040  \\$aDLC$beng$erda$cDLC$dOSU$dSTF$dNDD$dLEILA$dOCLCF$dOCLCQ$dMEAUC
=019  \\$a173264217
=029  1\$aAU@$b000027259213
=029  1\$aLEILA$b23672
=035  \\$a(OCoLC)16075215$z(OCoLC)173264217
=042  \\$apremarc
=043  \\$aa-sy---$aa-le---
=050  00$aDS97.5$b.M57 1908
=049  \\$aZYUU
=100  1\$6880-01$aMishāqah, Mikhāʼīl,$d1799-1888.
=240  10$6880-02$aMashhad al-ʻiyān bi-ḥawādith Sūriyā wa-Lubnān
=245  10$6880-03$aKitāb mashhad al-ʻiyān bi-ḥawādith Sūriyā wa-Lubnān /$cjāmiʻ ḥawādithihi Maikhāʼīl Mishāqah ; munshiʼāhu Mulḥam Khalīl ʻAbdū wa-Andrāwus Ḥannā Shakhāshīrī.
=264  \1$6880-04$aMiṣr :$b[publisher not identified],$c1908.
=300  \\$a200 pages :$billustrations, portraits ;$c25 cm
=336  \\$atext$btxt$2rdacontent
=337  \\$aunmediated$bn$2rdamedia
=338  \\$avolume$bnc$2rdacarrier
=500  \\$aBiography of the author: pages 9-13.
=651  \0$aSyria$xHistory.
=651  \0$aLebanon$xHistory.
=651  \7$aLebanon.$2fast$0(OCoLC)fst01206063
=651  \7$aSyria.$2fast$0(OCoLC)fst01208757
=655  \7$aHistory.$2fast$0(OCoLC)fst01411628
=700  1\$6880-05$aʻAbdū, Mulḥam Khalīl.
=700  1\$6880-06$aShakhāshīrī, Andrāwus Ḥannā.
=776  08$iOnline version:$aMishāqah, Mikhāʼīl, 1799-1888.$sMashhad al-ʻiyān bi-ḥawādith Sūriyā wa-Lubnān. 1908.$tKitāb mashhad al-ʻiyān bi-ḥawādith Sūriyā wa-Lubnān.$dMiṣr : [s.n.], 1908$w(OCoLC)654593922
=880  1\$6100-01/r$aمشاقة، مخائيل،$d1799-1888.
=880  10$6240-02/r$aمشهد العيان بحوادث سوريا ولبنان
=880  10$6245-03/r$aكتاب مشهد العيان بحوادث سوريا ولبنان /$cجامع حوادثه مخائيل مشاقة ؛ منشئاه ملحم خليل عبدو واندراوس حنا شخاشيري.
=880  \1$6264-04/r$aمصر :$b[publisher not identified]،$c1908.
=880  1\$6700-05/r$aعبدو، ملحم خليل.
=880  1\$6700-06/r$aشخاشيري، اندراوس حنا.
=938  \\$aLeila Books$bLEIL$n23672
=999  \\$iUaCaAUL_b1324243x$o(OCoLC)ocm16075215$sauc_aco000360
=994  \\$aC0$bZYU

