=LDR  03628cam a2200397Ii 4500
=001  ocn318941112
=003  OCoLC
=005  20190305074031.0
=008  030604s1936\\\\ua\bc\\\\b\\\\001\0\ara\d
=040  \\$aMEAUC$beng$cMEAUC$dOCLCF$dOCLCO$dOCLCQ$dMEAUC
=035  \\$a(OCoLC)318941112
=090  \\$aDS51.K7$bZ3 1936
=049  \\$aZYUU
=100  1\$6880-01$aZakī, Muḥammad Amīn,$eauthor.
=245  10$6880-02$aKhulāṣat tārīkh al-Kurd wa-Kurdistān min aqdam al-ʻuṣūr al-tārīkhīyah ḥattá al-ān /$cwaḍaʻahu bi-al-lughah al-Kurdīyah al-ʻallāmah al-mif̣ḍāl maʻālī Muḥammad Amīn Zakī bik al-wazīr al-ʻIrāqī ; wa-naqalahu ilá al-ʻAarabīyah wa-ʻallaqa ʻalayhi al-ustādh Muḥammad ʻAlī ʻAwnī.
=264  \1$6880-03$aMiṣr :$bMaṭbaʻat al-Saʻādah,$c1936.
=300  \\$a16, 472, 8, 64 pages, 1 Unnumbered leaf of plate :$bportrait, folded map ;$c25 cm
=336  \\$atext$btxt$2rdacontent
=337  \\$aunmediated$bn$2rdamedia
=338  \\$avolume$bnc$2rdacarrier
=504  \\$aIncludes bibliographical referencesa and index.
=500  \\$aIncludes errata page.
=500  \\$6880-04$a"al-Shaʻb al-Kurdī, Hadhihi al-kharīṭah al-ithnūlūjīyah qad wuḍiʻat ʻalá ḍawʼ kharīṭat al-ʻashāʼir al-Kurdīyah lil-sīr Mārk Sayks, wa-al-kharīṭah al-ithnūlūjīyah fī kitāb (al-arbaʻat qūrun al-akhīrah lil-ʻIrāq) li-Almījr Lūnjrīk, wa-kharīṭat ljnat ʻUṣbat al-Umam, wa-khrīṭah srīyah mawḍūʻah fī 26 Ughusṭus 1912 fī "Samlā" li-ḍubbāṭ al-jaysh al-Hindī. mustarshidan bi-maʻlūmāt wa-mabāḥith "Dāʼirat al-Maʻārif al-Islāmīyah" wa-kitāb (Kūrdilar) al-mutarjam min al-Almānīyah ilá al-Turkīyah.  al-muʼallif [al-tarjamah wa-al-naql ṭibq al-aṣl al-Kurdī. al-mutarjim]" -- Map title and description.
=650  \0$aKurds.
=651  \0$aKurdistan$xHistory.
=650  \7$aKurds.$2fast$0(OCoLC)fst00989403
=651  \7$aMiddle East$zKurdistan.$2fast$0(OCoLC)fst01245586
=655  \7$aHistory.$2fast$0(OCoLC)fst01411628
=700  1\$6880-05$aʻAwnī, Muḥammad ʻAlī,$etranslator. 
=880  1\$6100-01/r$aزكي، محمد أمين.
=880  10$6245-02/r$aخلاصة تاريخ الكرد وكردستان من أقدم العصور التاريخية حتى الآن /$cوضعه باللغة الكردية العلامة المفضال معالي محمد أمين زكي بك الوزير العراقي ؛ ونقله إلى العربية وعلق عليه الأستاذ محمد علي عوني.
=880  \1$6264-03/r$aمصر :$bمطبعة السعادة،$c1936.
=880  \\$6500-04/r$a"الشعب الكردي، هذه الخريطة الإثنولوجية قد وضعت على ضوء خريطة العشائر الكردية للسير مارك سيكس، والخريطة الإثنولوجية في كتاب (الأربعة قرون الأخيرة للعراق) للميجر لونجريك، وخريطة لجنة عصبة الأمم، وخريطة سرية موضوعة في 26 أغسطس 1912 في "سملا" لضباط الجيش الهندي. مسترشداً بمعلومات ومباحث "دائرة المعارف الإسلامية" وكتاب (كوردلر) المترجم من الألمانية إلى التركية.  المؤلف [الترجمة والنقل طبق الاصل الكردي. المترجم]" -- عنوان الخريطة ووصفها.
=880  1\$6700-05/r$aعوني، محمد علي. 
=999  \\$iUaCaAUL_b12976799$o(OCoLC)ocn318941112$sauc_aco000399$e(ERROR-880)
=994  \\$aC0$bZYU

