=LDR  02045cam a2200385Ii 4500
=001  ocn122987204
=003  OCoLC
=005  20190305074031.0
=008  991222s1919\\\\ua\\\\\\\\\\\\000\0\ara\d
=040  \\$aUaCaAUL$beng$erda$cMEAUC$dOCLCG$dOCLCF$dOCLCO$dOCLCQ$dMEAUC$dOCL$dOCLCA
=035  \\$a(OCoLC)122987204
=090  \\$aHB171$b.G2712 1919
=049  \\$aZYUU
=100  1\$6880-01$aGeorge, Henry,$d1839-1897.
=240  10$aProgress and poverty.$lArabic
=245  13$6880-02$aal-Taqaddum wa-al-faqr /$ctaʼlīf al-faylasūf al-ijtimāʻī al-kabīr Hinrī Jūrj ; taʻrīb Muṣṭafá Ḥasanayn al-Manṣūrī mufattish taʻlīm majlis mudīrīyat al-Qalyūbīyah wa-ṣāḥib kitābay Tārīkh al-madhāhib al-Ishtrakīyah wa--masāwīʼ al-niẓām al-ijtimāʻī wa-ʻilājihā.
=264  \3$6880-03$aMiṣr :$bMaṭbaʻat al-Saʻādah,$c1919.
=300  \\$a199 pages ;$c20 cm
=336  \\$atext$btxt$2rdacontent
=337  \\$aunmediated$bn$2rdamedia
=338  \\$avolume$bnc$2rdacarrier
=500  \\$aTranslation of: Progress and poverty.
=650  \0$aEconomics.
=650  \0$aSingle tax.
=650  \0$aPoverty.
=650  \7$aPoverty.$2fast$0(OCoLC)fst01074093
=650  \7$aEconomics.$2fast$0(OCoLC)fst00902116
=650  \7$aSingle tax.$2fast$0(OCoLC)fst01119449
=700  1\$6880-04$aManṣūrī, Muṣṭafá Ḥasanayn.
=880  1\$6100-01/r$aجورج، هنرى،$d.1839-1897.
=880  12$6245-02/r$aالتقدم والفقر /$cتأليف الفيلسوف الاجتماعي الكبير هنري جورج ؛ تعريب مصطفى حسنين المنصوري مفتش تعليم مجلس مديرية القليوبية وصاحب كتابي تاريخ المذاهب الاشتركية ومساويء النظام الاجتماعي وعلاجها.
=880  \3$6264-03/r$aمصر :$bمطبعة السعادة،$c.1919.
=880  1\$6700-04/r$aمنصورى، مصطفى حسنين.
=999  \\$iUaCaAUL_b12390008$o(OCoLC)ocn122987204$sauc_aco000563$e(ERROR-880)
=994  \\$aC0$bZYU

