=LDR  01736cam a2200373Ma 4500
=001  ocn122747841
=003  OCoLC
=005  20190305074031.0
=008  020701m19551999ua\\\\\\\\\\\\000\0\ara\d
=040  \\$aMEAUC$beng$cMEAUC$dOCLCQ$dOCLCG$dOCLCA$dOCLCF$dOCLCO$dOCLCQ$dMEAUC$dOCLCQ
=035  \\$a(OCoLC)122747841
=050  \4$aB72$b.D87 1955
=049  \\$aZYUU
=100  1\$6880-01$aDurant, Will,$d1885-1981.
=240  10$aPleasures of philosophy.$lArabic
=245  10$6880-02$aMabāhij al-falsafah.$nal-kitāb al-āwwal /$ctaʼlīf wil Dyurānt ; taqdīm Ibrāhīm Bayūmī Madkūr ; tarjamat Aḥmad Fuʼād al-Ahwānī.
=260  \\$6880-03$aal-Qāhirah :$bMaktabat al-Anjilū al-Miṣrīyah,$c1955-
=300  \\$a303 pages ;$c24 cm
=336  \\$atext$btxt$2rdacontent
=337  \\$aunmediated$bn$2rdamedia
=338  \\$avolume$bnc$2rdacarrier
=500  \\$aA translation of part 1 of: "Pleasures of philosophy."
=650  \0$aPhilosophy$xHistory.
=650  \0$aPhilosophers.
=650  \7$aPhilosophers.$2fast$0(OCoLC)fst01060746
=650  \7$aPhilosophy.$2fast$0(OCoLC)fst01060777
=655  \7$aHistory.$2fast$0(OCoLC)fst01411628
=700  1\$6880-04$aAhwānī, Aḥmad Fuʼād,$d-1970.
=880  1\$6100-01/r$aديورانت ، ول،$d1885-
=880  10$6245-02/r$aمباهج الفلسفة.$nالكتاب الأول /$cتأليف ول ديرانت ؛ تقديم ابراهيم بيومي مدكور ؛ ترجمة أحمد فؤاد الأهوانى.
=880  \\$6260-03/r$aالقاهرة :$bمكتبة الانجلو المصرية،$c1955-
=880  1\$6700-04/r$aإهوانى، أحمد فؤاد.
=999  \\$iUaCaAUL_b1283869x$o(OCoLC)ocn122747841$sauc_aco000468$e(ERROR-880)
=994  \\$aC0$bZYU

