=LDR  01799cam a2200385Ii 4500
=001  ocn122811596
=003  OCoLC
=005  20190305074031.0
=008  000713s1927\\\\ua\\\\\\\\\\\\000\0\ara\d
=040  \\$aUaCaAUL$beng$erda$cMEAUC$dOCLCG$dOCLCF$dOCLCO$dOCLCQ$dMEAUC
=035  \\$a(OCoLC)122811596
=041  1\$aara$hfre
=043  \\$afe-----
=090  \\$aDT365$b.G912 1927
=049  \\$aZYUU
=100  1\$aGuillain, Charles,$d1808-1875.
=240  10$aDocuments sure l'Histoire, la Géographie et le Commerce de l'Afrique Orientale.$lArabic
=245  10$6880-01$aWathāʼiq tārīkhīyah wa-Jughrāfīyah wa-tujārīyah ʻan Ifrīqīyah al-Sharqīyah /$ctaʼlīf al-misyū Jiyān rubbān al-safīnah ; naqalahu ilá al-ʻArabīyah Mulakhkhaṣan Yūsuf Kamāl.
=250  \\$6880-02$aal-Ṭabʻah al-ūlá.
=264  \1$6880-03$aal-Qāhirah :$b[publisher not identified],$c1927.
=300  \\$a517 pages ;$c24 cm
=336  \\$atext$btxt$2rdacontent
=337  \\$aunmediated$bn$2rdamedia
=338  \\$avolume$bnc$2rdacarrier
=651  \0$aAfrica, East$xDescription and travel.
=651  \0$aAfrica, East.
=650  \7$aTravel.$2fast$0(OCoLC)fst01155558
=651  \7$aAfrica, East.$2fast$0(OCoLC)fst01239511
=700  1\$6880-04$aKamāl, Yūsuf.
=880  10$6245-01/r$aوثائق تاريخية وجغرافية وتجارية عن أفريقية الشرقية /$cتأليف المسيو جيان ربان السفينة ؛ نقله الى العربية ملخصاً يوسف كمال.
=880  \\$6250-02/r$aالطبعة الأولى.
=880  \1$6264-03/r$aالقاهرة :$b[publisher not identified]،$c1927.
=880  1\$6700-04/r$aيوسف، كمال.
=999  \\$iUaCaAUL_b24733192$o(OCoLC)ocn122811596$sauc_aco000508$e(ERROR-880)
=994  \\$aC0$bZYU

