=LDR  02522cam a2200397Ii 4500
=001  ocm31499964\
=003  OCoLC
=005  20190305074031.0
=008  941122s1913\\\\ua\f\\\\\\\\\\100\0\ara\\
=010  \\$ane 68003432 
=040  \\$aDLC$beng$erda$cAUM$dAUM$dOCL$dLGG$dOCLCF$dOCLCQ$dOCLCO$dOCL$dOCLCO$dOCLCQ$dMEAUC
=035  \\$a(OCoLC)31499964
=041  0\$aara$afre
=043  \\$ama-----
=050  14$aDS63.6$b.M87 1913
=049  \\$aZYUU
=111  2\$6880-01$aMuʼtamar al-ʻArabī$n(1st :$d1913 :$cParis, France)
=245  13$6880-02$aal-Muʼtamar al-ʻArabī al-Awwal :$bal-munʻaqid fī al-qāʻah al-kubrá lil-Jamʻīyah al-Jughrāfīyah bi-Shāriʻ San Jarmin fī Pārīs min yawm al-Arbiʻāʼ 13 Rajab sanat 1331/18 Ḥazīrān sanat 1913 ilá yawm al-ithnayn 18 Rajab sanat 1331/23 Ḥazīrān sanat 1913 /$cṣadara ʻan al-Lajnah al-ʻUlyā li-Ḥizb al-Lāmarkazīyah bi-Miṣr.
=264  \1$6880-03$aal-Qāhirah :$bMaṭbaʻat al-Būsfūr bi-Miṣr,$c1331, 1913.
=300  \\$a221, 5 pages, 5 unnumbered leaves of plates ;$c24 cm
=336  \\$atext$btxt$2rdacontent
=337  \\$aunmediated$bn$2rdamedia
=338  \\$avolume$bnc$2rdacarrier
=546  \\$aSome articles in French.
=650  \0$aNationalism$zArab countries$vCongresses.
=650  \7$aNationalism.$2fast$0(OCoLC)fst01033832
=651  \7$aArab countries.$2fast$0(OCoLC)fst01240128
=655  \7$aConference papers and proceedings.$2fast$0(OCoLC)fst01423772
=710  2\$6880-04$aḤizb al-Lā-Markazīyah bi-Miṣr.$bLajnah al-ʻUlyā.
=776  08$iOnline version:$aMuʼtamar al-ʻArabī (1st : 1913 : Paris, France).$tMuʼtamar al-ʻArabī al-Awwal.$dal-Qāhirah : Maṭbaʻat al-Būsfūr, 1913$w(OCoLC)844601793
=880  2\$6111-01$aمؤتمر العربي$n(الأول :$d1913 :$cباريس، فرنسا)
=880  12$6245-02$aالمؤتمر العربي الأول :$bالمنعقد في القاعة الكبرى للجمعية الجغرافية بشارع سن جرمن في پاريس من يوم الاربعاء 13 رجب سنة 1331/18 حزيران سنة 1913 الى يوم الاثنين 18 رجب سنة 1331/23 حزيران سنة 1913 /$cصدر عن اللجنة العليا لحزب اللامركزية بمصر.
=880  \1$6264-03$aالقاهرة :$bمطبعة البوسفور بمصر،$c1331، 1913.
=880  2\$6710-04$aحزب اللامركزية بمصر.$bلجنة العليا.
=999  \\$iUaCaAUL_b13151174$o(OCoLC)ocm31499964$sauc_aco000507
=994  \\$aC0$bZYU

