=LDR  02472cam a2200385Ii 4500
=001  ocm63029610\
=003  OCoLC
=005  20190305074031.0
=008  910418s1936\\\\xx\\\\\e\\\\\\000\0\ara\d
=040  \\$aTOH$beng$cTOH$dMEAUC$dOCLCQ$dOCLCO$dOCLCA$dOCLCF$dMEAUC
=035  \\$a(OCoLC)63029610
=082  04$a200
=090  \\$aBS2650.3$b.R58x 1936
=049  \\$aZYUU
=100  1\$6880-01$aRizq Allāh, Ghubriyāl,$eauthor.
=245  10$6880-02$aSharḥ al-risālah ilá alʻibrānīyīn /$clil-qiss Ghubriyāl Rizq Allāh, aḥad khuddām al-Kanīsah al-Injīlīyah bi-al-quṭr al-Miṣrī.
=264  \1$6880-03$aMiṣr :$bMaṭbaʻat al-Muḥīṭ bi-al-Fajjālah,$c1936.
=300  \\$a2 volumes in 1. ;$c24 cm
=336  \\$atext$btxt$2rdacontent
=337  \\$aunmediated$bn$2rdamedia
=338  \\$avolume$bnc$2rdacarrier
=505  0\$6880-04$aal-Juzʼ al-awwal. Yataḍamman tawjīh naẓar ilá al-risālah - lamḥah tārīkhīyah atharīyah ʻan rasāʼil Būlis la-hā ʻalāqah bi-ʻunwān al-risālah - baḥth fī ʻunwān al-risālah - sharḥ al-arbaʻat al-iṣḥāḥāt al-ūlá minhā - baḥth fī mawḍūʻ al-sabt al-masīḥī --  al-Juzʼ al-thānī. Rutbat al-masīḥ al-kahanūtīyah.
=630  00$aBible.$pRomans$vCommentaries.
=630  00$aBible.$pThessalonians$vCommentaries.
=650  \0$aChristianity.
=630  07$aBible.$pRomans.$2fast$0(OCoLC)fst01892944
=630  07$aBible.$pThessalonians.$2fast$0(OCoLC)fst01892955
=650  \7$aChristianity.$2fast$0(OCoLC)fst00859599
=655  \7$aCommentaries.$2fast$0(OCoLC)fst01423723
=880  1\$6100-01$aرزق الله، غبريال.
=880  10$6245-02$aشرح الرسالة إلى العبرانيين /$cللقس غبريال رزق الله، أحد خدام الكنيسة الانجيلية بالقطر المصري.
=880  \1$6264-03$aمصر :$bمطبعة المحيط بالفجالة،$c1936.
=880  0\$6505-04$aالجزء الأول. يتضمن توجيه نظر إلى الرسالة - لمحة تاريخية أثرية عن رسائل بولس لها علاقة بعنوان الرسالة - بحث في عنوان الرسالة - شرح الأربعة الاصحاحات الأولى منها - بحث في موضوع السبت المسيحي -  الجزء الثاني. رتبة المسيح الكهنوتية.
=999  \\$iUaCaAUL_b13939002$o(OCoLC)ocm63029610$sauc_aco000273:2 v. in 1
=994  \\$aC0$bZYU

