=LDR  01609cam a2200397Ii 4500
=001  ocm16464802\
=003  OCoLC
=005  20190305074031.0
=008  870814s1938\\\\ua\\\\\\\b\\\\000\0\ara\d
=040  \\$aCLU$beng$cCLU$dOCLCQ$dNYP$dOCLCF$dOCLCQ$dOCL$dMEAUC$dLOA
=035  \\$a(OCoLC)16464802
=043  \\$af-ua---
=050  \4$aDT107.82$b.G34s
=082  \4$a[E]
=049  \\$aZYUU
=100  1\$6880-01$aGhālī, Mirrīt Buṭrus,$eauthor.
=245  10$6880-02$aSiyāsat al-ghadd :$bbarnāmaj siyāsī wa-iqtiṣādī wa-ijtimāʹī /$cMirīt Bik Buṭrus Ghālī.
=264  \1$6880-03$aal-Qāhirah :$bMaṭbaʻat al-risālah,$c1938.
=300  \\$a173 pages ;$c24 cm
=336  \\$atext$btxt$2rdacontent
=337  \\$aunmediated$bn$2rdamedia
=338  \\$avolume$bnc$2rdacarrier
=504  \\$aIncludes bibliographical references.
=651  \0$aEgypt$xPolitics and government.
=651  \0$aEgypt$xEconomic conditions$y1919-1952.
=651  \0$aEgypt$xSocial conditions.
=650  \7$aEconomic history.$2fast$0(OCoLC)fst00901974
=650  \7$aPolitics and government.$2fast$0(OCoLC)fst01919741
=650  \7$aSocial conditions.$2fast$0(OCoLC)fst01919811
=651  \7$aEgypt.$2fast$0(OCoLC)fst01208755
=648  \7$a1919-1952$2fast
=880  1\$6100-01$aغالي، مريت بطرس.
=880  10$6245-02$aسياسة الغد :$bبرنامج سياسي واقتصادي واجتماي /$cمريت بك بطرس غالي.
=880  \1$6264-03$aالقاهرة :$bمطبعة الرسالة،$c1938.
=999  \\$iUaCaAUL_b11765598$o(OCoLC)ocm16464802$sauc_aco000404
=994  \\$aC0$bZYU

