=LDR  01979cam a2200361Ii 4500
=001  ocm43408322\
=003  OCoLC
=005  20190305074031.0
=008  960722s1955\\\\ua\\\\\\\b\\\\000\0\ara\d
=040  \\$aEQO$beng$cEQO$erda$dOCLCQ$dOCLCF$dOCLCO$dOCLCQ$dMEAUC$dCUY
=035  \\$a(OCoLC)43408322
=043  \\$af-ua---
=050  \4$aHC534$b.B33
=050  \4$aHC534$b.B33 1955
=049  \\$aZYUU
=100  1\$6880-01$aBarrāwī, Rāshid,$eauthor.
=245  13$6880-02$aal-Falsafah al-iqtiṣādīyah lil-thawrah :$bmin al-nāḥiyatayni al-naẓarīyah wa-al-ʻilmīyah /$cRāshid al-Barrāwī, raʼīs majlis idārat al-Bank al-Ṣināʻī, ʻuḍw al-majlis al-dāʼim li-tanmīyah al-intāj al-qawmī, ustādh bi-Kullīyat al-Tijārah Jāmiʻat al-Qāhirah (sābiqan)
=250  \\$6880-03$aal-Ṭabʻah al-ūlá.
=264  \1$6880-04$a[al-Qāhirah] :$bMultazim al-Ṭabʻ wa-al-Nashr Maktabat al-Nahḍah al-Miṣrīyah,$c1955.
=300  \\$a168 pages ;$c20 cm
=336  \\$atext$btxt$2rdacontent
=337  \\$aunmediated$bn$2rdamedia
=338  \\$avolume$bnc$2rdacarrier
=504  \\$aIncludes bibliographical references.
=651  \0$aEgypt$xEconomic policy.
=650  \7$aEconomic policy.$2fast$0(OCoLC)fst00902025
=651  \7$aEgypt.$2fast$0(OCoLC)fst01208755
=880  1\$6100-01$aبراوي، راشد.
=880  12$6245-02$aالفلسفة الاقتصادية للثورة :$bمن الناحيتين النظرية والعلمية /$cراشد البراوي، رئيس مجلس ادارة البنك الصناعي، عضو المجلس الدائم لتنمية الإنتاج القومي، أستاذ بكلية التجارة جامعة القاهرة (سابقاً)
=880  \\$6250-03$aالطبعة الأولى.
=880  \1$6264-04$a[القاهرة] :$bملتزم الطبع والنشر مكتبة النهضة المصرية،$c1955.
=999  \\$iUaCaAUL_b12246219$o(OCoLC)ocm43408322$sauc_aco000558
=994  \\$aC0$bZYU

