=LDR  02141cam a2200469Ii 4500
=001  ocm26506592\
=003  OCoLC
=005  20190305074031.0
=008  920831s1948\\\\ua\ab\\\\b\\\\000\0\arard
=040  \\$aFUG$beng$erda$cFUG$dIUL$dOCLCQ$dOCLCF$dOCLCQ$dOCL$dMEAUC
=035  \\$a(OCoLC)26506592
=043  \\$af-ua---$af-sj---
=050  \4$aDT107.3$b.R3 1948
=049  \\$aZYUU
=100  1\$6880-01$aRāfiʻī, ʻAbd al-Raḥmān.
=245  10$6880-02$aMiṣr wa-al-Sūdān fī awāʼil ʻahd al-iḥtilāl :$btārīkh Miṣr al-qawmī min sanat 1882 ilá sanat 1892 /$cbi-qalam ʻAbd al-Raḥmān al-Rāfiʻī Bik.
=250  \\$6880-03$aal-Ṭabʻah 2.
=264  \1$6880-04$aal-Qāhirah :$bMaktabah al-Nahḍah al-Miṣrīyah,$c1948.
=264  \3$6880-05$aal-Qāhirah :$bMaṭabaʻat al-Fikrah,$c1948
=300  \\$a254 :$billustrations, maps ;$c24 cm
=336  \\$atext$btxt$2rdacontent
=337  \\$aunmediated$bn$2rdamedia
=338  \\$avolume$2rdacarrier
=504  \\$aIncludes bibliographical references and indexes.
=500  \\$aIncludes errata page.
=500  \\$6880-06$a"al-Thaman 25 Qirshān"
=651  \0$aEgypt$xHistory$yBritish occupation, 1882-1936.
=651  \0$aSudan$xHistory$y1881-1899.
=651  \0$aSudan$xHistory$y1821-1881.
=611  27$aBritish Occupation of Egypt (1882-1936)$2fast$0(OCoLC)fst01352144
=651  \7$aEgypt.$2fast$0(OCoLC)fst01208755
=651  \7$aSudan.$2fast$0(OCoLC)fst01204591
=648  \7$a1821-1936$2fast
=655  \7$aHistory.$2fast$0(OCoLC)fst01411628
=880  1\$6100-01$aرافعي، عبد الرحمن.
=880  10$6245-02$aمصر والسودان في أوائل عهد الاحتلال :$bتاريخ مصر القومي من سنة 1882 إلى سنة 1892 /$cبقلم عبد الرحمن الرافعي بك.
=880  \\$6250-03$aالطبعة 2.
=880  \1$6264-04$aالقاهرة :$bمكتبة النهضة المصرية ،$c1948.
=880  \3$6264-05$aالقاهرة :$bمطبعة الفكرة،$c1948
=880  \\$6500-06$a"لثمن 25 قرشاً"
=999  \\$iUaCaAUL_b12739145$o(OCoLC)ocm26506592$sauc_aco000491
=994  \\$aC0$bZYU

