=LDR  05713cam a2200649Ii 4500
=001  ocm25262949\
=003  OCoLC
=005  20190305074031.0
=008  920212s1936\\\\ua\abc\\\b\\\\001\0\ara\d
=040  \\$aRecon MBB$beng$erda$cMBB$dOCL$dOCLCQ$dOCLCG$dOCLCQ$dOCLCA$dOCLCQ$dOCLCO$dOCLCF$dOCLCQ$dMEAUC
=035  \\$a(OCoLC)25262949
=041  1\$aara$heng
=050  \4$aD199.3$b.A713 1936
=049  \\$aZYUU
=100  1\$aGuillaume, Alfred,$d1888-1965,$eauthor.
=245  10$6880-01$aTurāth al-Islām = The Legacy of Islam.
=246  31$aLegacy of Islam
=264  \1$6880-02$a[Cairo] :$bMaṭbaʻat Lajnat al-Taʼlīf wa-al-Tarjamah wa-al-Nashr,$c1936.
=300  \\$a2 volumes in 1, 32 leaves of plates :$billustrations, folded map;$c20 cm
=336  \\$atext$btxt$2rdacontent
=337  \\$aunmediated$bn$2rdamedia
=338  \\$avolume$bnc$2rdacarrier
=500  \\$6880-03$aAt head of title page: Lajnat al-Jāmiʻyīn li-Nashr al-ʻIlm.
=500  \\$aIncludes Errata page.
=500  \\$aVolume 1. lacks plates 1-2, 6, 11 - volume 2. lacks plates 2, 9, 17
=504  \\$aIncludes bibliographical references and indexes.
=505  0\$6880-04$aVolume 1. 1- Asbānyā wa-al-Burtughāl / waḍaʻahu J.B. Trind ; ʻarrabahu wa-ʻallaq ʻalayhi Ḥusayn Muʼnis -- 2. al-Ḥurūb al-Ṣalībīyah / waḍaʻahu Īrnist Bārkar ; ʻarrabahu ʻAlī Aḥmad ʻĪsá -- 3. al-Adab /  waḍaʻahu H.A.R. Jibb ; ʻarrabahu wa-ʻallaq ʻalayhi ʻAbd al-Laṭīf Maḥmūd Ḥamzah -- 3. al-Falsafah wa-al-ilāhīyāt / waḍaʻahu Alfrid Jīyūm ; ʻarrabahu wa-ʻallaq ʻalayhi Tawfīq al-Ṭawīl -- Volume 2. 1- al-Funūn al-Islāmīyah al-farʻīyah wa-taʼthīrahā fī al-funūn al-Ūrubbīyah / katabahu bi-al-Injilīzīyah A. H. Christie -- 2- al-Fann al-Islāmī wa-taʼthīrahu fī al-taṣwīr fī Ūrūbbā / katabahu bi-al-Injilīzīyah Thomas Arnold -- Fann al-ʻimārah /  katabahu bi-al-Injilīzīyah Martin S. Briggs -- al-muqaddimah waḍaʻahā Alfrid Jīyūm ; wa-ʻarrabahā Khaṭṭāb ʻAṭīyah.
=650  \0$aIslamic civilization.
=650  \0$aIslamic art$xInfluence.
=650  \0$aIslamic architecture$xInfluence.
=650  \7$aIslamic art$xInfluence.$2fast$0(OCoLC)fst01730281
=650  \7$aIslamic civilization.$2fast$0(OCoLC)fst01730294
=700  1\$aTrend, J. B.$q(John Brande),$d1887-1958,$econtributor.
=700  1\$6880-05$aMuʼnis, Ḥusayn,$d1911-$etranslator.
=700  1\$aBarker, Ernest,$cSir,$d1874-1960,$econtributor.
=700  1\$6880-06$aʻĪsá, ʻAlī Aḥmad,$etranslator.
=700  1\$aGibb, H. A. R.$q(Hamilton Alexander Rosskeen),$d1895-1971,$econtributor.
=700  1\$6880-07$aḤamzah, ʻAbd al-Laṭīf Maḥmūd,$etranslator.
=700  1\$6880-08$aṬawīl, Tawfīq,$etranslator.
=700  1\$6880-09$aʻAlī, Khaṭṭāb ʻAṭīyah,$etranslator.
=700  1\$aChristie, A. H.$q(Abel H.),$econtributor.
=700  1\$aBriggs, Martin S.$q(Martin Shaw),$d1882-1977,$econtributor.
=700  1\$aArnold, Thomas Walker,$cSir,$d1864-1930,$econtributor.
=710  2\$6880-10$aLajnat al-Jāmiʻyīn li-Nashr al-ʻIlm.
=880  10$6245-01/r$aتراث الإسلام = The Legacy of Islam.
=880  \1$6264-02/r$a[Cairo] :$bمطبعة لجنة التأليف والترجمة والنشر،$c1936.
=880  \\$6500-03/r$aAt head of title page: لجنة الجامعيين لنشر العلم.
=880  0\$6505-00/r$aڤلم 1. 1 اسبانيا والبرتغال / وضعه ج.ب. ترند ؛ عربه وعلق عليه حسين مؤنس  2. الحروب الصليبية / وضعه ايرنست باركر ؛ عربه علي احمد عيسى  3. الادب /  وضعه ه..ر. جب ؛ عربه وعلق عليه عبد اللطيف محمود حمزة  3. الفلسفة والالاهيات / وضعه الفرد جيوم ؛ عربه وعلق عليه توفيق الطويل  ڤلم 2. 1 الفنون الاسلامية الفرعية وتأثيرها في الفنون الاوربية / كتبه بالانجليزية ا. ه. چرست  2 الفن الاسلامي وتأثيره في التصوير في اوروبا / كتبه بالانجليزية ثمس ارنلد  فن العمارة /  كتبه بالانجليزية مرتن س. برگگس.
=880  0\$6505-04/r$aVolume 1. 1 أسبانيا والبرتغال / وضعه ج.ب. ترند ؛ عربه وعلق عليه حسين مؤنس -- 2. الحروب الصليبية / وضعه ايرنست باركر ؛ عربه علي أحمد عيسى -- 3. الأدب /  وضعه ه..ر. جب ؛ عربه وعلق عليه عبد اللطيف محمود حمزة -- 3. الفلسفة والإلهيات / وضعه الفرد جيوم ؛ عربه وعلق عليه توفيق الطويل -- Volume 2. 1 الفنون الإسلامية الفرعية وتأثيرها في الفنون الأوربية / كتبه بالإنجليزية A. H. Christie-- 2 الفن الإسلامي وتأثيره في التصوير في أوروبا / كتبه بالإنجليزية Thomas Arnold -- فن العمارة /  كتبه بالإنجليزية Martin S. Briggs-- المقدمة وضعها الفرد جيوم ؛ وعربها خطاب عطية.
=880  1\$6700-05/r$aمؤنس، حسين،$d1911-.
=880  1\$6700-06/r$aعيسى، علي أحمد.
=880  1\$6700-07/r$aحمزة، عبد اللطيف محمود.
=880  1\$6700-08/r$aطويل، توفيق.
=880  1\$6700-09/r$aعلي، خطاب عطية.
=880  2\$6710-10/r$aلجنة الجامعيين لنشر العلم.
=999  \\$iUaCaAUL_b12224662$o(OCoLC)ocm25262949$sauc_aco000521:2 v. in 1$e(ERROR-880)
=994  \\$aC0$bZYU

