=LDR  01722cam a2200373Ii 4500
=001  ocn903956035
=003  OCoLC
=005  20190305074031.0
=008  150224s1906\\\\ua\\\\\\\\\\\\000\0\araod
=040  \\$aLGG$beng$erda$cLGG$dLGG$dOCLCF$dMEAUC
=035  \\$a(OCoLC)903956035
=050  \4$aDS218$b.Z39 1906
=049  \\$aZYUU
=100  1\$6880-01$aZaydān, Jirjī,$d1861-1914,$eauthor.
=245  10$6880-02$aAnsāb al-ʻArab al-qudamāʼ, wa-huwa radd ʻalá al-qāʼilīn bi-al-umūmah wa-al-ṭūtimīyah ʻinda al-ʻArab al-jāhilīyah /$cbi-qalam Jurjī Zaydān munshiʼ al-Hilāl.
=260  \\$6880-03$aMiṣr :$bMaṭbaʻat al-Hilāl,$c1906.
=264  \1$6880-04$aMiṣr :$bMaṭbaʻat al-Hilāl bi-Miṣr,$c1906.
=300  \\$a42 pages ;$c23 cm
=336  \\$atext$2rdacontent
=337  \\$aunmediated$2rdamedia
=338  \\$avolume$2rdacarrier
=650  \0$aMatriarchy.
=650  \0$aTotemism.
=650  \0$aEthnology$zArabian Peninsula.
=650  \7$aEthnology.$2fast$0(OCoLC)fst00916106
=650  \7$aMatriarchy.$2fast$0(OCoLC)fst01012393
=650  \7$aTotemism.$2fast$0(OCoLC)fst01153059
=651  \7$aArabian Peninsula.$2fast$0(OCoLC)fst01240131
=880  1\$6100-01/r$aزيدان، جرجي،$eauthor.$d1861-1914.
=880  10$6245-02/r$aانساب العرب القدماء، وهو رد على القائلين بالأمومة والطوتمية عند العرب الجاهلية /$cبقلم جرجي زيدان منشئ الهلال.
=880  \\$6260-03/r$aمصر :$bمطبعة الهلال،$c1906.
=880  \1$6264-04/r$aمصر :$bمطبعة الهلال بمصر،$c1906.
=999  \\$iUaCaAUL_b13731051$o(OCoLC)ocn903956035$sauc_aco000436$e(ERROR-880)
=994  \\$aC0$bZYU

