=LDR  01942cam a2200433Ii 4500
=001  on1007135525
=003  OCoLC
=005  20190305074031.0
=008  171023s1939\\\\ua\acfh\\b\\\\001\0bara\\
=040  \\$aMEAUC$beng$erda$cMEAUC$dMEAUC$dOCLCF
=035  \\$a(OCoLC)1007135525
=043  \\$af-ua---
=050  \4$aDT107.2.M8$bR3 1939
=049  \\$aZYUU
=100  1\$6880-01$aRāfiʻī, ʻAbd al-Raḥmān.
=245  10$6880-02$aMuṣṭafá Kāmil bāʻith al-ḥarakah al-waṭanīyah /$cbi-qalam ʻAbd al-Raḥmān al-Rāfiʻī Bik.
=250  \\$6880-03$aal-Ṭabʻah al-ūlá.
=264  \1$6880-04$a[Cairo] :$bMaṭbaʻat al-Sharq, Qism al-Darb al-Aḥmar,$c1357 H., 1939 M.
=300  \\$a532 pages, 5 unnumbered leaves of plates :$billustrations, portraits, facsimiles ;$c24 cm
=336  \\$atext$btxt$2rdacontent
=337  \\$aunmediated$bn$2rdamedia
=338  \\$avolume$bnc$2rdacarrier
=500  \\$6880-05$aḤaqq al-ṭabʻ maḥfūẓ.
=504  \\$aIncludes bibliographical references and index.
=500  \\$aIncludes errata pages.
=600  00$6880-06$aMuṣṭafá Kāmil,$d1874-1908.
=600  07$aMuṣṭafá Kāmil,$d1874-1908.$2fast$0(OCoLC)fst00093024
=650  \0$aStatesmen$zEgypt$vBiography.
=650  \7$aStatesmen.$2fast$0(OCoLC)fst01131990
=651  \7$aEgypt.$2fast$0(OCoLC)fst01208755
=655  \7$aBiography.$2fast$0(OCoLC)fst01423686
=880  1\$6100-01$aرافعي، عبد الرحمن.
=880  10$6245-02$aمصطفى كامل باعث الحركة الوطنية /$cبقلم عبد الرحمن الرافعي بك.
=880  \\$6250-03$aالطبعة الأولى.
=880  \1$6264-04$a[Cairo] :$bمطبعة الشرق، قسم الدرب الاحمر،$c1357 ه.، 1939 م.
=880  \\$6500-05$aحق الطبع محفوظ.
=880  04$6600-06$aمصطفي كامل،,$d1874-1908.
=999  \\$iUaCaAUL_b1226863x$o(OCoLC)on1007135525$sauc_aco000478
=994  \\$aC0$bZYU

