=LDR  01805cam a2200397Ii 4500
=001  ocm62572391\
=003  OCoLC
=005  20190305074031.0
=008  051107s1931\\\\ua\cf\\\\\\\\\000\0\ara\d
=040  \\$aHLS$beng$erda$cHLS$dOCLCG$dLGG$dOCLCQ$dOCLCF$dOCLCO$dOCLCQ$dOCL$dMEAUC
=035  \\$a(OCoLC)62572391
=043  \\$af-ua---
=050  \4$aDT107.8$b.E5x 1931
=049  \\$aZYUU
=110  1\$6880-01$aEgypt.$bWizārat al-Tarbiyah wa-al-Taʻlīm.
=245  13$6880-02$aal-Ayyām al-malakīyah fī Ṣaʻīd Miṣr sanat 1930 /$cWizārat al-Maʻārif al-ʻUmūmīyah.
=264  \1$6880-03$aal-Qāhirah :$bal-Maṭbaʻah al-Amīrīyah,$c1931.
=300  \\$a134 pages, 31unnumbered leaves of plates :$bportraits ;$c26 cm
=336  \\$atext$btxt$2rdacontent
=337  \\$aunmediated$bn$2rdamedia
=338  \\$avolume$bnc$2rdacarrier
=500  \\$6880-04$aAt head of title: Wizārat al-Maʻārif al-ʻUmūmīyah.
=600  00$6880-05$aFuʼād$bI,$cKing of Egypt,$d1868-1936.
=651  \0$aEgypt$xHistory$y19th century.
=600  07$aFuʼād$bI,$cKing of Egypt,$d1868-1936$2fast$0(OCoLC)fst00127134
=651  \7$aEgypt.$2fast$0(OCoLC)fst01208755
=648  \7$a1800-1899$2fast
=655  \7$aHistory.$2fast$0(OCoLC)fst01411628
=752  \\$aEgypt$dCairo.
=880  2\$6110-01$aمصر. وزارة التربية والتعليم.
=880  12$6245-02$aالأيام الملكية فى صعيد مصر سنة 1930 /$cوزارة المعارف العمومية.
=880  \1$6264-03$aالقاهرة :$bالمطبعة الأميرية،$c1931.
=880  \\$6500-04$aAt head of title  : وزارة المعارف العمومية.
=880  04$6600-05$aفؤاد$b1,$cملك مصر،,$d1868-1936.
=999  \\$iUaCaAUL_b12757676$o(OCoLC)ocm62572391$sauc_aco000462
=994  \\$aC0$bZYU

