=LDR  02999cam a2200493Mi 4500
=001  ocm79071804\
=003  OCoLC
=005  20190305074031.0
=008  960723s1924\\\\ua\\\\\\\b\\\\000\0\ara\d
=040  \\$aHLS$beng$erda$cHLS$dOCLCF$dOCLCO$dOCL$dOCLCQ$dOCL$dOCLCQ$dMEAUC
=035  \\$a(OCoLC)79071804
=043  \\$af-ua---
=050  \4$aDT82$b.A6712 1924
=049  \\$aZYUU
=100  1\$6880-01$aAbū Ṭāʹilah, Muḥammad.
=245  10$6880-02$aMarkaz Miṣr al-duwalī min al-fatḥ al-ʻUthmānī ilá al-waqt al-ḥāḍir /$callafahu bi-al-Almānīyah wa-ʻarrabahu duktūr Muḥammad Abū Ṭāʼilah, khirrīj Jāmiʻatay Birlīn wa-Fīrtisbūrj fī al-siyāsah wa-al-iqtiṣād (wa-huwa al-kitāb alladhī qaddamahu al-muʼallif ilá Jāmiʻat Fīrtisbūrj fī Almāniyā fa-ḥāza al-qabūl bi-darajah ʻaẓīmah Jiddan).
=246  3\$6880-03$aMarkaz Miṣr al-dawlī min al-fatḥ al-ʻUthmānī ilá al-waqt al-ḥāḍir
=250  \\$6880-04$aal-Ṭabʻah al-ūlá
=264  \1$6880-05$aMiṣr :$bMaṭbaʻat Jarīdat al-Ṣabāḥ bi-Miṣr,$c1342, 1924.
=300  \\$a6, 200 pages ;$c24 cm
=336  \\$atext$btxt$2rdacontent
=337  \\$aunmediated$bn$2rdamedia
=338  \\$avolume$bnc$2rdacarrier
=500  \\$6880-06$aḤuqūq al-ṭabʻ maḥfūẓah lil-muʼallif.
=500  \\$6880-07$aKull nuskhah yajib an taḥmil imḍāʼ al-muʼallif.
=504  \\$aIncludes bibliographical references (pages 5-6) of first section.
=611  27$aBritish Occupation of Egypt (1882-1936)$2fast$0(OCoLC)fst01352144
=651  \0$aEgypt$xForeign relations.
=651  \0$aEgypt$xHistory$y1517-1882.
=651  \0$aEgypt$xHistory$yBritish occupation, 1882-1936.
=651  \0$aEgypt$xHistory$y1919-1952.
=650  \7$aDiplomatic relations.$2fast$0(OCoLC)fst01907412
=651  \7$aEgypt.$2fast$0(OCoLC)fst01208755
=648  \7$a1517-1952$2fast
=655  \7$aHistory.$2fast$0(OCoLC)fst01411628
=880  1\$6100-01/r$aأبو طائله، محمد.
=880  10$6245-02/r$aمركز مصر الدولي من الفتح العثماني الى الوقت الحاضر /$cألفه بالالمانية وعربه دكتور محمد أبو طائلة، خريج جامعتي برلين وفيرتسبورج في السياسة والاقتصاد (وهو الكتاب الذي قدمه المؤلف الى جامعة فيرتسبورج في المانيا فحاز القبول بدرجة عظيمة جدا) .
=880  3\$6246-03/r$aمركز مصر الدولي من الفتح العثماني الى الوقت الحاضر
=880  \\$6250-04/r$aالطبعة الأولى
=880  \1$6264-05/r$aمصر :$bمطبعة جريدة الصباح بمصر،$c1342، 1924.
=880  \\$6500-06/r$aحقوق الطبع محفوظة للمؤلف.
=880  \\$6500-07/r$aكل نسخة يجب أن تحمل امضاء المؤلف.
=999  \\$iUaCaAUL_b12502947$o(OCoLC)ocm79071804$sauc_aco000562$e(ERROR-880)
=994  \\$aC0$bZYU

