=LDR  02614cam a2200469Ii 4500
=001  ocn122893302
=003  OCoLC
=005  20190305074031.0
=008  000823s1933\\\\le\\\\\\\\\\\\000\0\ara\d
=040  \\$aMH$beng$cEQO$dUUM$dOCLCF$dOCLCO$dOCL$dOCLCQ$dMEAUC
=035  \\$a(OCoLC)122893302
=041  0\$aara$aita
=043  \\$aa-sy---
=050  \4$aBX4711.322$b.S48 1933
=049  \\$aZYUU
=245  00$6880-01$aShuhadāʼ Ḥalab /$cʻuniya bi-jamʻihā min maṣādirihā al-rasmīyah wa-tartībihā al-Aksarkhūs Ikākiyūs Kūsā Fib, aḥad mudīrī al-rahbānīyah al-bāsīlīyah al-Ḥalabīyah ; wa-ʻarrabahā ʻan uṣūlihā al-Īṭālīyah al-Arshmandrīt Dāmiyānūs Shabārikh Fib.
=246  1\$iTitle on added title page:$aMartyrs d'Alep
=264  \1$6880-02$aḤarīṣā :$bMaṭbaʻat al-Qiddīs Būlus,$c1933.
=300  \\$a[7], 217, 3 pages ;$c24 cm.
=336  \\$atext$btxt$2rdacontent
=337  \\$aunmediated$bn$2rdamedia
=338  \\$avolume$bnc$2rdacarrier
=490  1\$6880-03$aWathāʼiq tārīkhīyah lil-Kursī al-malakī al-Anṭākī ;$v5
=546  \\$aText in Arabic and Italian.
=650  \0$aChristian martyrs$zSyria$zAleppo$xHistory.
=610  20$aCatholic Church$xByzantine rite, Melchite$xHistory.
=610  27$aCatholic Church.$2fast$0(OCoLC)fst00531720
=650  \7$aByzantine rite (Catholic Church), Melchite.$2fast$0(OCoLC)fst01352191
=650  \7$aChristian martyrs.$2fast$0(OCoLC)fst00859342
=651  \7$aSyria$zAleppo.$2fast$0(OCoLC)fst01213345
=655  \7$aHistory.$2fast$0(OCoLC)fst01411628
=700  1\$6880-04$aSchabarekh, D.
=700  1\$6880-05$aCoussa, A.
=830  \0$6880-06$aWathāʼiq tārīkhīyah lil-Kursī al-malakī al-Anṭākī ;$v5.
=880  00$6245-01/r$aشهداء حلب /$cعني بجمعها من مصادرها الرسمية وترتيبها الأكسرخوس أكاكيوس كوسا فب، أحد مديري الرهبانية الباسيلية الحلبية ؛ وعربها عن أصولها الإيطالية الأرشمندريت داميانوس شبارخ فب.
=880  \1$6264-02/r$aحريصا :$bمطبعة القديس بولس،$c1933.
=880  1\$6490-03/r$aوثائق تاريخية للکرسي الملکي الأنطاکي ؛$v5
=880  1\$6700-04/r$aشبارخ ، داميانوس.
=880  1\$6700-05/r$aکوسا ، إکاکيوس.
=880  \0$6830-06/r$aوثائق تاريخية للکرسي الملکي الأنطاکي ؛ $v5.
=999  \\$iUaCaAUL_b14425397$o(OCoLC)ocn122893302$sauc_aco000497$e(ERROR-880)
=994  \\$aC0$bZYU

