=LDR  02694cam a2200433Ma 4500
=001  ocm81865574\
=003  OCoLC
=005  20190305074031.0
=008  960919s1933\\\\ua\\\\\\\\\\\\000\0\ara\d
=040  \\$aHLS$beng$cHLS$dOCLCG$dSTF$dOCLCQ$dOCLCO$dOCLCF$dOCLCQ$dMEAUC
=035  \\$a(OCoLC)81865574
=050  \4$aBP190.5 .S3$bJ382 1933
=049  \\$aZYUU
=100  1\$6880-01$aJawharī, Ṭanṭāwī,$d1862-1940,$eauthore.
=240  10$6880-02$aTāj al-muraṣṣaʻ bi-jawāhir al-Qurʼān wa-al-ʻulūm
=245  10$6880-03$aKitāb al-tāj al-muraṣṣaʻ bi-jawāhir al-Qurʼān wa-al-ʻulūm :$bwa-huwa al-kitāb alladhī ursila ilá jalālat Imbaraṭūr al-Yābān li-ʻarḍihi ʻalá al-muʼtamar fī awāʼil inʻiqādihi /$ctaʼlīf faylasūf al-Sharq wa-al-Islām al-shaykh Ṭanṭāwī Jawharī.
=246  3\$6880-04$aTāj al-muraṣṣaʻ bi-jawāhir al-Qurʼān wa-al-ʻulūm
=250  \\$6880-05$aal-Ṭabʻah al-thānīyah.
=264  \1$6880-06$aMiṣr :$bYuṭlabu min al-Maktabah al-Tijārīyah al-Kubrá,$c1933.
=264  \3$6880-07$aal-Maṭbaʻah al-Raḥmānīyah bi-Miṣr
=300  \\$a301 pages ;$c18 cm
=336  \\$atext$btxt$2rdacontent
=337  \\$aunmediated$bn$2rdamedia
=338  \\$avolume$bnc$2rdacarrier
=630  00$aQurʼan$xCriticism, interpretation, etc.
=650  \0$aArabic language$xRhetoric.
=630  07$aQurʼan.$2fast$0(OCoLC)fst01842877
=650  \7$aArabic language$xRhetoric.$2fast$0(OCoLC)fst00812415
=655  \7$aCriticism, interpretation, etc.$2fast$0(OCoLC)fst01411635
=776  08$iOnline version:$aJawharī, Ṭanṭāwī, 1862-1940.$tKitāb al-tāj al-muraṣṣaʻ bi-jawāhir al-Qurʼān wa-al-ʻulūm.$bal-Ṭabʻah 2.$dMiṣr : al-Maktabah al-Tijārīyah, 1933$w(OCoLC)757255640
=880  1\$6100-01$aجوهري، طنطاوي،$d18621940،$eauthore.
=880  10$6240-02$aتاج المرصع بجواهر القرآن والعلوم
=880  10$6245-03$aكتاب التاج المرصع بجواهر القرآن والعلوم :$bوهو الكتاب الذي ارسل الى جلالة امبرطور اليابان لعرضه على المؤتمر في اوائل انعقاده /$cتأليف فيلسوف الشرق والاسلام الشيخ طنطاوي جوهري.
=880  3\$6246-04$aتاج المرصع بجواهر القرآن والعلوم
=880  \\$6250-05$aالطبعة الثانية.
=880  \1$6264-06$aمصر :$bيطلب من المكتبة التجارية الكبرى،$c1933.
=880  \3$6264-07$aالمطبعة الرحمانية بمصر
=999  \\$iUaCaAUL_b23791329$o(OCoLC)ocm81865574$sauc_aco000265
=994  \\$aC0$bZYU

