=LDR  02112cam a22004337a 4500
=001  ocm21037110\
=003  OCoLC
=005  20190305074031.0
=008  900118s1952\\\\ua\af\\\\b\\\\000\0\ara\\
=010  \\$a   79961850 
=040  \\$aDLC$beng$cDLC$dSTF$dOCLCO$dOCLCA$dOCLCF$dOCLCQ$dOCL$dMEAUC$dOCLCQ
=019  \\$a1005920788
=029  1\$aAU@$b000023757360
=035  \\$a(OCoLC)21037110$z(OCoLC)1005920788
=043  \\$af-ua---
=050  \4$aDT104$b.C368
=049  \\$aZYUU
=100  1\$6880-01$aCattaui, René.
=240  10$aMohamed-Aly et l'Europe.$lArabic
=245  10$6880-02$aMuḥammad ʻAlī wa-Ūrubbā /$ctaʼlīf Rīnīh Qaṭṭāwī wa-Jūrj Qaṭṭāwī ; naqalahu ʻan al-lughah al-Faransīyah Alfirīd Yulūz ; al-muqaddimah li-Franswā Shāri Rū.
=260  \\$6880-03$aMiṣr :$bDār al-Maʻārif,$c[1952]
=300  \\$a282 pages, 18 unnumbered leaves of plates :$billustrations ;$c24 cm
=336  \\$atext$btxt$2rdacontent
=337  \\$aunmediated$bn$2rdamedia
=338  \\$avolume$bnc$2rdacarrier
=500  \\$aTranslation of: Mohamed-Aly et l'Europe.
=504  \\$aIncludes bibliographical references (pages 266-277).
=600  00$aMuḥammad ʻAlī Bāshā,$cGovernor of Egypt,$d1769-1849.
=651  \0$aEgypt$xHistory$yMohammed Ali, 1805-1849.
=600  07$aMuḥammad ʻAlī Bāshā,$cGovernor of Egypt,$d1769-1849$2fast$0(OCoLC)fst00210721
=651  \7$aEgypt.$2fast$0(OCoLC)fst01208755
=648  \7$a1805-1849$2fast
=655  \7$aHistory.$2fast$0(OCoLC)fst01411628
=700  1\$aCattaui, Georges. 
=880  1\$6100-01/r$aقطاوي، رينيه.
=880  00$6245-02/r$aمحمد علي وأوربا / تأليف رينيه قطاوي بك و جورج قطاوي؛ نقله عن اللغة الفرنسية الدكتور الفريد يلوز؛ المقدمة للمسيوا فرنسوا شارل رو سفير فرنسا وعضو المجمع العلمي الفرنسي.
=880  \\$6260-03/r$aمصر :$bدار المعارف،$c[1952]
=999  \\$iUaCaAUL_b12122464$o(OCoLC)ocm21037110$sauc_aco000412$e(ERROR-880)
=994  \\$aC0$bZYU

