=LDR  01217cam a2200325Ii 4500
=001  ocm22416032\
=003  OCoLC
=005  20190305074031.0
=008  900921s1955\\\\ua\a\\\\\\\\\\000\0\arard
=040  \\$aAUM$beng$erda$cAUM$dNYP$dOCLCQ$dOCLCF$dOCLCQ$dMEAUC
=035  \\$a(OCoLC)22416032
=043  \\$aa-le---
=050  \4$aDS80.2$b.Y35 1955
=049  \\$aZYUU
=100  1\$6880-01$aYamīn, Mīshīl Salīm.
=245  10$6880-02$aSiḥr Lubnān /$ctaʼlīf Mīshīl Salīm Yamīn.
=264  \1$6880-03$aMiṣr :$bDār al-Maʻārif bi-Miṣr,$c1955.
=300  \\$a254 pages :$billustrations ;$c19 cm
=336  \\$atext$btxt$2rdacontent
=337  \\$aunmediated$bn$2rdamedia
=338  \\$avolume$bnc$2rdacarrier
=500  \\$aIntroduction dated 1955.
=651  \0$aLebanon$xDescription and travel.
=650  \7$aTravel.$2fast$0(OCoLC)fst01155558
=651  \7$aLebanon.$2fast$0(OCoLC)fst01206063
=880  1\$6100-01$a‏يمين، ميشيل سليم.
=880  10$6245-02$a‏سحر لبنان /‏$c‏تأليف ميشيل سليم يمين.
=880  \1$6264-03$aمصر :$bدار المعارف بمصر،$c1955.
=999  \\$iUaCaAUL_b13720090$o(OCoLC)ocm22416032$sauc_aco000416
=994  \\$aC0$bZYU

