=LDR  02831cam a2200421Mi 4500
=001  ocn122750425
=003  OCoLC
=005  20190305074031.0
=008  001212s1925\\\\ua\abc\\\\\\\\001\0\ara\d
=040  \\$aCUY$beng$erda$cMEAUC$dOCLCG$dLGG$dOCLCF$dOCLCO$dOCLCQ$dOCL$dMEAUC$dOCL$dMEAUC
=035  \\$a(OCoLC)122750425
=043  \\$af-ua---
=050  \4$aDT94$b.Z3 1925
=049  \\$aZYUU
=100  1\$6880-01$aZaydān, Jirjī,$d1861-1914.
=240  10$6880-02$aTārīkh Miṣr al-ḥadīth min al-fatḥ al-Islāmī ilá al-ān
=245  00$6880-03$aKitāb tārīkh Miṣr al-ḥadīth :$bmin al-fatḥ al-Islāmī ilá al-ān maʻa fadhlakah fī tārīkh Miṣr al-qadīm /$ctaʼlīf Jirjī Zaydān munshiʼ al-Hilāl.
=250  \\$6880-04$aal-Ṭabʻah al-thālithah.
=264  \1$6880-05$aMiṣr :$bMaṭbaʻat al-Hilāl,$c1925.
=300  \\$a2 volumes :$billustrations, maps, portraits ;$c25 cm
=336  \\$atext$btxt$2rdacontent
=337  \\$aunmediated$bn$2rdamedia
=338  \\$avolume$bnc$2rdacarrier
=500  \\$aIncludes index.
=505  0\$6880-06$aal-Juzʼ al-awwal. Min al-fatḥ al-Islāmī ilá ākhir dawlat al-Mamālīk al-thāniyah, wa-fī awwalihi fadhlakat al-tārīkh al-qadīm -- al-juzʼ al-thānī. Wa-huwa yashtamilu ʻalá tārīkh Miṣr min al-fatḥ al-ʻUthmānī ilá sanat 1911, ay fī ʻahd al-dawlah al-ʻUthmānīyah wa-ḥamlat Būnābart wa-al-dawlah al-Muḥammadīyah al-ʻAlawīyah aw al-usrah al-Khidīwīyah.
=651  \0$aEgypt$xHistory$y19th century.
=651  \0$aEgypt$xHistory$y20th century.
=651  \7$aEgypt.$2fast$0(OCoLC)fst01208755
=648  \7$a1800-1999$2fast
=655  \7$aHistory.$2fast$0(OCoLC)fst01411628
=880  1\$6100-01/r$aزيدان، جرجى،$d1861-1914.
=880  10$6240-02/r$aتاريخ مصر الحديث من الفتح الإسلامى الى الآن
=880  00$6245-03/r$aكتاب تاريخ مصر الحديث :$bمن الفتح الاسلامي الى الآن مع فذلكة في تاريخ مصر القديم /$cتأليف جرجي زيدان منشئ الهلال.
=880  \\$6250-04/r$aالطبعة الثالثة.
=880  \1$6264-05/r$aمصر :$bمطبعة الهلال،$c1925.
=880  0\$6505-06/r$aالجزء الاول. من الفتح الاسلامي الى آخر دولة المماليك الثانية، وفي أوله فذلكة التاريخ القديم -- الجزء الثاني. وهو يشتمل على تاريخ مصر من الفتح العثماني الى سنة 1911، أي في عهد الدولة العثمانية وحملة بونابرت والدولة المحمدية العلوية او السرة الخديوية.
=999  \\$iUaCaAUL_b12586286$o(OCoLC)ocn122750425$sauc_aco000552:v.2$sauc_aco000574:v.1
=994  \\$aC0$bZYU

