=LDR  01631cam a2200373Ii 4500
=001  ocm45062549\
=003  OCoLC
=005  20190305074031.0
=008  000922s1948\\\\ua\\\\\\\\\\\\000\0\ara\d
=040  \\$aZCU$beng$erda$cZCU$dSTF$dOCLCF$dOCLCQ$dOCLCO$dOCLCQ$dMEAUC
=035  \\$a(OCoLC)45062549
=043  \\$af-sj---
=050  \4$aDT108.15$b.J28 1948
=049  \\$aZYUU
=100  1\$6880-01$aJābrī, Muḥammad Aḥmad,$eauthor.
=245  10$6880-02$aFī shaʼn Allāh , aw, tārīkh al-Sūdān kamā yarwīhi ahluh /$ctaʼlīf Muḥammad Aḥmad al-Jābrī.
=246  30$6880-03$aTārīkh al-Sūdān kamā yarwīhi ahluh
=264  \1$6880-04$a[Cairo] :$bDār al-Fikr al-ʻArabī,$c[1948]
=264  \3$6880-05$a[Cairo] :$bMaṭbaʻat Nahḍat Miṣr,$c[1948]
=300  \\$a158 pages, 20 cm
=336  \\$atext$btxt$2rdacontent
=337  \\$aunmediated$bn$2rdamedia
=338  \\$avolume$bnc$2rdacarrier
=500  \\$aDate from author's introduction.
=651  \0$aSudan$xHistory.
=651  \7$aSudan.$2fast$0(OCoLC)fst01204591
=655  \7$aHistory.$2fast$0(OCoLC)fst01411628
=880  1\$6100-01/r$aجابري، محمد أحمد.
=880  10$6245-02/r$aفي شأن الله ، أو، تاريخ السودان كما يرويه أهله /$cتأليف محمد أحمد الجابري.
=880  30$6246-03/r$aتاريخ السودان كما يرويه أهله
=880  \1$6264-04/r$a[Cairo] :$bدار الفكر العربي،$c[1948]
=880  \3$6264-05/r$a[Cairo] :$bمطبعة نهضة مصر،$c[1948]
=999  \\$iUaCaAUL_b12894394$o(OCoLC)ocm45062549$sauc_aco000439
=994  \\$aC0$bZYU

