=LDR  01931cam a2200433 a 4500
=001  ocm11259862\
=003  OCoLC
=005  20190305074031.0
=008  840202s1939\\\\ua\acf\\\\\\\\001\0barar\
=010  \\$a   83961742 
=040  \\$aDLC$beng$cDLC$dNLGGC$dOCLCQ$dOCLCF$dOCLCQ$dOCLCO$dOCLCQ
=029  1\$aAU@$b000022643983
=029  1\$aNLGGC$b124316441
=035  \\$a(OCoLC)11259862
=043  \\$af-ua---
=050  00$aDT107.8$b.A625 1939
=084  \\$a15.80$2bcl
=049  \\$aZYUU
=100  1\$6880-01$aʻAbd al-Ḥamīd, Muḥammad. 
=245  10$6880-02$aFuʼād al-Awwal /$cIqbāl ʻAlī Shāh ; naqalahu bi-taṣarruf Muḥammad ʻAbd al-Ḥamīd.
=260  \\$6880-03$aal-Qāhirah :$bMaṭbaʻat Lajnat al-Taʼlīf wa-al-Tarjamah wa-al-Nashr,$c1939.
=300  \\$a8, 252 pages, 8 unnumbered leaves of plates :$billustrations, portraits ;$c24 cm
=336  \\$atext$btxt$2rdacontent
=337  \\$aunmediated$bn$2rdamedia
=338  \\$avolume$bnc$2rdacarrier
=600  00$aFuʼād$bI,$cKing of Egypt,$d1868-1936.
=651  \0$aEgypt$xKings and rulers$vBiography.
=650  17$aBinnenlandse politiek.$2gtt
=600  07$aFuʼād$bI,$cKing of Egypt,$d1868-1936$2fast$0(OCoLC)fst00127134
=650  \7$aKings and rulers.$2fast$0(OCoLC)fst00987694
=651  \7$aEgypt.$2fast$0(OCoLC)fst01208755
=655  \7$aBiography.$2fast$0(OCoLC)fst01423686
=700  1\$6880-04$aShah, Ikbal Ali,$c Sirdar.$tFuad, king of Egypt. 
=880  1\$6100-01/r$aعبد الحميد، محمد. 
=880  10$6245-02/r$aفؤاد الأول /$cإقبال علي شاه ؛ نقله بتصرف محمد عبد الحميد.
=880  \\$6260-03/r$aالقاهرة :$bمطبعة لجنة التأليف والترجمة والنشر،$c1939.
=880  1\$6700-04/r$aشاه، اقبال علي$cسردار.$tFuad, king of Egypt. 
=999  \\$iUaCaAUL_b12767232$o(OCoLC)ocm11259862$sauc_aco000408$e(ERROR-880)
=994  \\$aC0$bZYU

