=LDR  01971cam a2200421Ii 4500
=001  ocn708717804
=003  OCoLC
=005  20190305074031.0
=008  010227s1952\\\\ua\\\\\\\b\\\\000\0\ara\d
=040  \\$aNjP$beng$cYUS$dOCLCQ$dMEAUC$dOCLCF$dOCLCA
=035  \\$a(OCoLC)708717804
=043  \\$af-ua---
=090  \\$aDT82$b.K35 1952
=049  \\$aZYUU
=100  1\$6880-01$aKāmil, Maḥmūd,$eauthor.
=245  10$6880-02$aMiṣr fī khārij Miṣr /$cMaḥmūd Kāmil, al-muḥāmī bi-al-naqḍ, wa-khabīr al-sīyāḥah wa-al-daʻāyah bi-Wizārat al-Mālīyah wa-al-Iqtiṣād.
=264  \1$6880-03$aal-Qāhirah :$bMaṭbaʻat Miṣr Shirkah Musāhamah Miṣrīyah,$c1952.
=300  \\$a92 pages ;$c25 cm
=336  \\$atext$btxt$2rdacontent
=337  \\$aunmediated$bn$2rdamedia
=338  \\$avolume$bnc$2rdacarrier
=504  \\$aIncludes bibliographical references.
=500  \\$a"Egypt outside Egypt", on the need for making other nations acquainted with the desires and needs of Egypt.
=651  \0$aEgypt$xPolitics and government.
=651  \0$aEgypt$xForeign relations.
=650  \0$aMass media$zEgypt$xHistory.
=650  \0$aPropaganda, International.
=650  \7$aDiplomatic relations.$2fast$0(OCoLC)fst01907412
=650  \7$aMass media.$2fast$0(OCoLC)fst01011219
=650  \7$aPolitics and government.$2fast$0(OCoLC)fst01919741
=650  \7$aPropaganda, International.$2fast$0(OCoLC)fst01079029
=651  \7$aEgypt.$2fast$0(OCoLC)fst01208755
=655  \7$aHistory.$2fast$0(OCoLC)fst01411628
=880  1\$6100-01$aكامل، محمود.
=880  10$6245-02$aمصر في خارج مصر /$cمحمود كامل، المحامي بالنقض، وخبير السياحة والدعاية بوزارة المالية والاقتصاد.
=880  \1$6264-03$aالقاهرة :$bمطبعة مصر شركة مساهمة مصرية،$c1952.
=999  \\$iUaCaAUL_b13741974$o(OCoLC)ocn708717804$sauc_aco000548
=994  \\$aC0$bZYU

