=LDR  01822cam a2200361Mi 4500
=001  ocm65989161\
=003  OCoLC
=005  20190305074031.0
=008  880718s1934\\\\ua\ac\\\\b\\\\000\0\ara\d
=040  \\$aEYM$beng$erda$cEYM$dOCLCF$dOCLCO$dOCLCQ$dMEAUC
=035  \\$a(OCoLC)65989161
=043  \\$af-ua---
=050  \4$aDT61$b.S3 1934
=049  \\$aZYUU
=100  1\$6880-01$aSālim, ʻAbd al-Ḥamīd.
=245  13$6880-02$aal-Ḥaḍārah al-Miṣrīyah fī al-ʻuṣūr al-qadīmah /$cwaḍʻ ʻAbd al-Ḥamīd Sālim bi-Maṣlaḥat Khafar al-Sawāḥil wa-Maṣāʼid al-Asmāk.
=250  \\$6880-03$aal-Ṭabʻah al-ūlá.
=264  \1$6880-04$aal-Iskandarīyah :$bMaṭbaʻat Ṣalāḥ al-Dīn bi-al-Iskandarīyah,$c1934.
=300  \\$a96 pages :$billustrations, portrait ;$c19 cm
=336  \\$atext$btxt$2rdacontent
=337  \\$aunmediated$bn$2rdamedia
=338  \\$avolume$bnc$2rdacarrier
=504  \\$aIncludes bibliographical references (page 6).
=651  \0$aEgypt$xCivilization.
=650  \7$aCivilization.$2fast$0(OCoLC)fst00862898
=651  \7$aEgypt.$2fast$0(OCoLC)fst01208755
=776  08$iOnline version:$aSālim, ʻAbd al-Ḥamīd.$tAl-Ḥaḍārah al-Miṣrīyah fī al-ʻuṣūr al-qadīmah.$dal-Iskandarīyah : Maṭbaʻat Ṣalāḥ al-Dīn, 1934$w(OCoLC)560366440
=880  1\$6100-01/r$aسالم، عبد الحميد.
=880  12$6245-02/r$aالحضارة المصرية في العصور القديمة /$cوضع عبد الحميد سالم بمصلحة خفر السواحل ومصائد الاسماك.
=880  \\$6250-03/r$aالطبعة الأولى.
=880  \1$6264-04/r$aالاسكندرية :$bمطبعة صلاح الدين بالاسكندرية،$c1934.
=999  \\$iUaCaAUL_b12436872$o(OCoLC)ocm65989161$sauc_aco000505
=994  \\$aC0$bZYU

