=LDR  01838cam a2200421Ki 4500
=001  ocm16306843\
=003  OCoLC
=005  20190305074031.0
=008  870728s1934\\\\ua\abc\\\\\\\\000\0\araod
=010  \\$a   77960430 
=040  \\$aCLU$beng$cCLU$dOCL$dOCLCQ$dOCLCG$dOCLCQ$dOCLCF$dOCLCO$dOCLCQ$dOCL$dMEAUC$dDLC$dSTF
=019  \\$a17029360
=035  \\$a(OCoLC)16306843$z(OCoLC)17029360
=043  \\$af-ua---
=050  \4$aDT104.5$b.B231b 1934
=049  \\$aZYUU
=100  1\$6880-01$aBarakāt, Dāwūd,$eauthor.
=245  03$6880-02$aal-Baṭal al-fātiḥ Ibrāhīm wa-fatḥuhu al-Shām 1832 /$cbi-qalam Dāwūd Barakāt ; ʻuniya bi-nashrihi Barakāt Barakāt
=264  \1$6880-03$aMiṣr :$bal-Maṭbʻah al-Raḥmānīyah bi-Miṣr,$c[1934]
=300  \\$a16, 255 pages :$billustrations, maps, portraits ;$c24 cm
=336  \\$atext$btxt$2rdacontent
=337  \\$aunmediated$bn$2rdamedia
=338  \\$avolume$bnc$2rdacarrier
=504  \\$aIncludec bibliographical reference (pages 255)
=500  \\$aIntroduction dated: 1934
=600  00$aIbrāhīm,$cPasha,$d1789-1848.
=651  \0$aEgypt$xHistory$y1517-1882.
=600  07$aIbrāhīm,$cPasha,$d1789-1848$2fast$0(OCoLC)fst00109393
=651  \7$aEgypt.$2fast$0(OCoLC)fst01208755
=648  \7$a1517-1882$2fast
=655  \7$aHistory.$2fast$0(OCoLC)fst01411628
=700  1\$6880-04$aBarakāt, Barakāt.
=880  1\$6100-01/r$aبركات، داود،$eauthor.
=880  02$6245-02/r$aالبطل الفاتح ابراهيم وفتحه الشام 1832 /$cبقلم داوود بركات ؛ عني بنشره بركات بركات
=880  \1$6264-03/r$aمصر :$bالمطبعة الرحمانية بمصر،$c[1934]
=880  1\$6700-04/r$aبركات، بركات.
=999  \\$iUaCaAUL_b12680242$o(OCoLC)ocm16306843$sauc_aco000533
=994  \\$aC0$bZYU

