=LDR  01803cam a2200337Ii 4500
=001  ocn122986908
=003  OCoLC
=005  20190305074031.0
=008  011203m19279999ua\f\\\\\\\\\\010\0dara\d
=040  \\$aNjP$beng$erda$cMEAUC$dOCLCG$dSTF$dOCLCF$dOCLCQ$dMEAUC
=035  \\$a(OCoLC)122986908
=050  \4$aDT107.2.Z18$bB93 1927
=049  \\$aZYUU
=100  1\$6880-01$aBuḥayrī, Muḥammad Ismāʻīl.
=245  10$6880-02$aʻAbarāt al-Sharq ʻalá al-zaʻīm al-maghfūr la-hu Saʻd Zaghlūl Bāshā :$btārīkhuhu fī adwār ḥayātihi wa-aqwāl al-kuttāb wa-al-shuʻarāʼ fī taʼbīnih /$ctaṣnīf Muḥammad Ismāʻīl al-Buḥayrī.
=250  \\$6880-03$aal-Ṭabʻah al-ūlá.
=264  \4$6880-04$cḤuqūq al-ṭabʻ wa-al-nashr maḥfūẓah lil-muṣannif, 1927.
=264  \3$6880-05$aMiṣr :$bMaṭbaʻat al-Saʻādah,$c1927-
=300  \\$avolumes, unnumbered 15 leaves of plates ;$c24 cm
=336  \\$atext$btxt$2rdacontent
=337  \\$aunmediated$bn$2rdamedia
=338  \\$avolume$bnc$2rdacarrier
=600  10$aZaghlūl, Saʻd,$d1857-1927.
=600  17$aZaghlūl, Saʻd,$d1857-1927.$2fast$0(OCoLC)fst00117962
=880  1\$6100-01/r$aبحيرى، محمد إسماعيل.
=880  10$6245-02/r$aعبرات الشرق على الزعيم المغفور له سعد زغلول باشا :$bتاريخه فى أدوار حياته وأقوال الكتاب والشعراء فى تأبينه /$cتصنيف محمد إسماعيل البحيرى.
=880  \\$6250-03/r$aالطبعة الأولى.
=880  \4$6264-04/r$cحقوق الطبع والنشر محفوظة للمصنف، 1927.
=880  \3$6264-05/r$aمصر :$bمطبعة السعادة،$c1927-
=999  \\$iUaCaAUL_b12741346$o(OCoLC)ocn122986908$sauc_aco000477:v.1
=994  \\$aC0$bZYU

