=LDR  01706cam a2200445Ii 4500
=001  ocm28934826\
=003  OCoLC
=005  20190305074031.0
=008  931004s1906\\\\ua\\\\\\\\\\\\000\0\arard
=040  \\$aAUM$beng$cAUM$dOCLCG$dHLS$dOCLCQ$dOCLCO$dOCLCF$dOCLCQ$dOCL$dMEAUC$dOCL
=035  \\$a(OCoLC)28934826
=043  \\$af-ua---
=050  \4$aAC105$b.M86 1906
=049  \\$aZYUU
=245  00$6880-01$aMuntakhabāt al-Muʼayyad :$bal-sanah al-ūlá, al-Mujallad al-awwal.
=264  \1$6880-02$a[Cairo] :$bal-Muʼayyad,$c1324 [1906]
=300  \\$a6, 508 pages ;$c25 cm
=336  \\$atext$btxt$2rdacontent
=337  \\$aunmediated$bn$2rdamedia
=338  \\$avolume$bnc$2rdacarrier
=500  \\$aRomanized record.
=500  \\$aPreface signed: "ʻAlī Yūsuf."
=500  \\$aSelections from al-Muʼayyad, first year, 1890.
=651  \0$aEgypt$xHistory$yTawfīq, 1879-1892$xSources.
=651  \0$aEgypt$xPolitics and government$y1882-1952.
=630  00$aMuʼayyad.
=630  07$aMuʼayyad.$2fast$0(OCoLC)fst01379108
=650  \7$aPolitics and government$2fast$0(OCoLC)fst01919741
=651  \7$aEgypt.$2fast$0(OCoLC)fst01208755
=648  \7$a1879-1952$2fast
=655  \7$aHistory.$2fast$0(OCoLC)fst01411628
=655  \7$aSources.$2fast$0(OCoLC)fst01423900
=700  1\$6880-03$aYūsuf, ʻAlī,$d1863-1913.
=730  0\$6880-04$aMuʼayyad.
=880  00$6245-01$aمنتخبات المؤيد :$bالسنة الأولى، المجلد الأول.
=880  \1$6264-02$a[Cairo] :$bالمؤيد،$c1324 [1906]
=880  1\$6700-03$aيوسف، علي،$d1863-1913.
=880  0\$6730-04$aمؤيد.
=999  \\$iUaCaAUL_b13899405$o(OCoLC)ocm28934826$sauc_aco000397:v.1
=994  \\$aC0$bZYU

