=LDR  01842cam a2200445Ii 4500
=001  ocm05247862\
=003  OCoLC
=005  20190305074031.0
=008  790807s1947\\\\ua\\\\\\\b\\\\000\0\arard
=040  \\$aCLU$beng$cCLU$dOCLCQ$dOCLCF$dOCLCQ$dOCL$dOCLCO$dOCL$dMEAUC
=035  \\$a(OCoLC)5247862
=043  \\$af-ua---$ae-uk---
=050  \4$aDT107.82$b.H642 1947
=049  \\$aZYUU
=110  2\$6880-01$aḤizb al-Waṭanī (Egypt)
=245  13$6880-02$aal-Ḥizb al-Waṭanī fī ʻām 1365/1946.
=264  \1$6880-03$a[Cairo] :$bMaṭbaʻat Dār al-Sharq,$c[1946]
=300  \\$a111 pages ;$c22 cm.
=336  \\$atext$btxt$2rdacontent
=337  \\$aunmediated$bn$2rdamedia
=338  \\$avolume$bnc$2rdacarrier
=500  \\$6880-04$aAt head of title page: Nasharāt al-Ḥizb al-Waṭanī (1).
=504  \\$aIncludes bibliographical references
=610  20$6880-05$aḤizb al-Waṭanī (Egypt)
=610  27$aḤizb al-Waṭanī (Egypt)$2fast$0(OCoLC)fst00571916
=651  \0$aEgypt$xPolitics and government$y1919-1952.
=651  \0$aEgypt$xForeign relations$zGreat Britain.
=651  \0$aGreat Britain$xForeign relations$zEgypt.
=650  \7$aDiplomatic relations.$2fast$0(OCoLC)fst01907412
=650  \7$aPolitics and government.$2fast$0(OCoLC)fst01919741
=651  \7$aEgypt.$2fast$0(OCoLC)fst01208755
=651  \7$aGreat Britain.$2fast$0(OCoLC)fst01204623
=648  \7$a1919-1952$2fast
=880  2\$6110-01/r$aحزب الوطني (مصر)
=880  12$6245-02/r$aالحزب الوطني فى عام 1365-1946.
=880  \1$6264-03/r$a[Cairo] :$bمطبعة دار الشرق،$c[1946]
=880  \\$6500-04/r$aAt head of title page: نشرات الحزب الوطني (1).
=880  20$6610-05/r$aحزب الوطني (مصر)
=999  \\$iUaCaAUL_b12754882$o(OCoLC)ocm05247862$sauc_aco000437
=994  \\$aC0$bZYU

