=LDR  02313cam a2200373Ii 4500
=001  ocm54462540\
=003  OCoLC
=005  20190305074031.0
=008  040202s1932\\\\ua\abc\\\b\\\\000\0\ara\d
=040  \\$aUaCaAUL$beng$cSTF$dOCLCF$dOCLCQ$dOCLCO$dOCL$dMEAUC
=035  \\$a(OCoLC)54462540
=043  \\$af-ua---
=090  \\$aDT154.S5$bR5 1932
=049  \\$aZYUU
=100  1\$6880-01$aRifāʻī, Ḥusayn ʻAlī,$eauthor.
=245  10$6880-02$aWāḥat Sīwah :$bmin al-nawaḥī al-tārīkhīyah wa-al-jughrāfīyah wa-al-ijtimāʻīyah al-iqiṣādīyah /$cbi-qalam Ḥusayn ʻAlī al-Rifāʻī, al-mufattish al-iqtiṣādī bi-Maṣlaḥat al-Tijārah wa-al-Ṣināʻah, duktūr fī al-ʻulūm al-iqtiṣādīyah wa-al-sīyāsīyah min Bārīs wa-ḥāʼiz imtiḥān al-duktūrāh fī al-ʻulūm al-qānūnīyah wa-dublūm al-ʻulūm al-jināʼīyah.
=264  \1$6880-03$aal-Qāhirah :$bal-Maṭbaʻah al-Amīrīyah,$c1932.
=300  \\$a88 pages, 2 unnumbered leaves of plates :$billustrations, map, portraits ;$c23 cm
=336  \\$atext$btxt$2rdacontent
=337  \\$aunmediated$bn$2rdamedia
=338  \\$avolume$bnc$2rdacarrier
=504  \\$aIncludes bibliographical references.
=651  \0$aSīwah (Egypt)$xHistory.
=651  \0$aSīwah (Egypt)$xEconomic conditions.
=651  \0$aSīwah (Egypt)$xSocial conditions.
=650  \7$aEconomic history.$2fast$0(OCoLC)fst00901974
=650  \7$aSocial conditions.$2fast$0(OCoLC)fst01919811
=651  \7$aEgypt$zSīwah.$2fast$0(OCoLC)fst01256563
=655  \7$aHistory.$2fast$0(OCoLC)fst01411628
=880  1\$6100-01/r$aرفاعي، حسين على.
=880  10$6245-02/r$aواحة سيوة :$bمن النواحي التاريخية والجغرافية والاجتماعية الاقتصادية /$cبقلم حسين علي الرفاعي، المفتش الاقتصادي بمصلحة التجارة والصناعة، دكتور في العلوم الاقتصادية والسياسية من باريس وحائز امتحان الدكتوراه في العلوم القانونية ودبلوم العلوم الجنائية.
=880  \1$6264-03/r$aالقاهرة :$bالمطبعة الأميرية،$c1932.
=999  \\$iUaCaAUL_b12909592$o(OCoLC)ocm54462540$sauc_aco000543
=994  \\$aC0$bZYU

