=LDR  02297cam a2200445Ii 4500
=001  ocn318946498
=003  OCoLC
=005  20190305074031.0
=008  060417s1954\\\\ua\b\\\\\b\\\\000\0\ara\d
=040  \\$aMEAUC$beng$erda$cMEAUC$dOCLCO$dOCLCF$dOCL$dOCLCQ$dMEAUC
=035  \\$a(OCoLC)318946498
=043  \\$aa-iq---$ae-uk---
=050  \4$aDS97.5$b.B38 1954
=049  \\$aZYUU
=100  1\$6880-01$aBazzāz, ʻAbd al-Raḥmān.
=245  10$6880-02$aMuḥāḍarāt ʻan al-ʻIrāq min al-iḥtilāl ḥattá al-istiqlāl /$calqāhā ʻAbd al-Raḥmān al-Bazzāz ʻalá Ṭalabat qism al-Dirāsāt al-Tārīkhīyah, 1953-1954.
=246  30$6880-03$aʻIrāq min al-iḥtilāl ḥattá al-istiqlāl.
=264  \1$6880-04$a[Cairo] :$bJāmiʻat al-Duwal al-ʻArabīyah, Maʻhad al-Dirāsāt al-ʻArabīyah al-ʻĀlīyah,$c1954.
=300  \\$a166 pages :$bfolded map ;$c24 cm
=336  \\$atext$btxt$2rdacontent
=337  \\$aunmediated$bn$2rdamedia
=338  \\$avolume$bnc$2rdacarrier
=504  \\$aIncludes bibliographical references (pages 165-166).
=651  \0$aIraq$xHistory.
=651  \0$aIraq$xPolitics and government.
=651  \0$aIraq$xForeign relations$zGreat Britain.
=651  \0$aGreat Britain$xForeign relations$zIraq.
=650  \7$aDiplomatic relations.$2fast$0(OCoLC)fst01907412
=650  \7$aPolitics and government.$2fast$0(OCoLC)fst01919741
=651  \7$aGreat Britain.$2fast$0(OCoLC)fst01204623
=651  \7$aIraq.$2fast$0(OCoLC)fst01205757
=655  \7$aHistory.$2fast$0(OCoLC)fst01411628
=710  2\$6880-05$aMaʻhad al-Dirāsāt al-ʻArabīyah al-ʻĀliyah.
=880  1\$6100-01$aبزاز، عبد الرحمن.
=880  10$6245-02$aمحاضرات عن العراق من الاحتلال حتى الاستقلال /$cألقاها عبد الرحمن البزاز على طلبة قسم الدراسات التاريخية، 1953-1954.
=880  30$6246-03$aعراق من الاحتلال حتى الاستقلال.
=880  \1$6264-04$a[Cairo] :$bجامعة الدول العربية، معهد الدراسات العربية العالية،$c1954.
=880  2\$6710-05$aمعهد الدراسات العربية العالية.
=999  \\$iUaCaAUL_b13704837$o(OCoLC)ocn318946498$sauc_aco000458
=994  \\$aC0$bZYU

