=LDR  01661cam a2200349Ii 4500
=001  ocm62527621\
=003  OCoLC
=005  20190305074031.0
=008  041202s1933\\\\ua\ab\\\\\\\\\000\0\ara\d
=040  \\$aHLS$beng$erda$cHLS$dOCLCF$dOCLCO$dOCLCQ$dMEAUC
=035  \\$a(OCoLC)62527621
=043  \\$af------
=090  \\$aDT12$b.M77 1933
=049  \\$aZYUU
=100  1\$6880-01$aThābit, Muḥammad.
=245  10$6880-02$aJawlah fī rubūʻ Afrīqīyah bayna Miṣr wa-raʼs al-Rajāʼ al-Ṣāliḥ :$bmin mushāhadāt sāʼiḥ Miṣrī /$cMuḥammad Thābit mudarris al-Adāb bi-madrasat al-Amīr Fārūq al-Thānawiyah.
=264  \3$6880-03$aMiṣr :$bal-Maṭbaʻah al-Raḥmānīyah,$c1933 M, 1351 H.
=300  \\$a290 pages :$billustrations, maps ;$c24 cm
=336  \\$atext$btxt$2rdacontent
=337  \\$aunmediated$bn$2rdamedia
=338  \\$avolume$bnc$2rdacarrier
=651  \0$aAfrica, Sub-Saharan$xDescription and travel.
=651  \0$aAfrica$xDescription and travel.
=650  \7$aTravel.$2fast$0(OCoLC)fst01155558
=651  \7$aAfrica.$2fast$0(OCoLC)fst01239509
=651  \7$aAfrica, Sub-Saharan.$2fast$0(OCoLC)fst01239520
=752  \\$aEgypt$dCairo.
=880  1\$6100-01/r$aثابت، محمد.
=880  10$6245-02/r$aجولة في ربوع أفريقية بين مصر ورأس الرجاء الصالح :$bمن مشاهدات سائح مصري /$cمحمد ثابت مدرس الآداب بمدرسة الأمير فاروق الثانوية.
=880  \3$6264-03/r$aمصر :$bالمطبعة الرحمانية،$c1933 م، 1351 هـ.
=999  \\$iUaCaAUL_b13075524$o(OCoLC)ocm62527621$sauc_aco000427
=994  \\$aC0$bZYU

