=LDR  02017cam a2200433Ia 4500
=001  ocm16148429\
=003  OCoLC
=005  20190305074031.0
=008  870708s1911\\\\xx\ac\\\\\\\\\000\0\arar\
=010  \\$a   75972061 
=040  \\$aDLC$beng$cOSU$dOCLCQ$dOCLCF$dOCLCQ$dOCLCO$dOCL
=035  \\$a(OCoLC)16148429
=043  \\$aaw-----$aff-----$ae-sp---
=050  \\$aD158$b.H36 1911
=049  \\$aZYUU
=100  1\$6880-01$aḤarīrī, Sayyid ʻAlī.
=240  10$6880-02$aAkhbār al-sanīyah fī al-Ḥurūb al-Ṣalībīyah
=245  10$6880-03$aKitāb al-akhbār al-sanīyah fī al-Ḥurūb al-Ṣalībīyah /$ctaʼlīf Sayyid ʻAlī al-Ḥarīrī.
=246  30$6880-04$aAkhbār al-sanīyah fī al-Ḥurūb al-Ṣalībīyah 
=250  \\$6880-05$aal-Ṭabʻah 2.
=260  \\$6880-06$a[Place of publication not identified] :$b[publisher not identified],$c1329 [1911]$e(Miṣr :$fMaṭbaʻat al-Nīl)
=300  \\$a410 pages :$billustrations, portraits ;$c20 cm
=336  \\$atext$btxt$2rdacontent
=337  \\$aunmediated$bn$2rdamedia
=338  \\$avolume$bnc$2rdacarrier
=650  \0$aCrusades.
=651  \0$aIslamic Empire$xHistory$y750-1258.
=650  \7$aCrusades.$2fast$0(OCoLC)fst00884401
=651  \7$aIslamic Empire.$2fast$0(OCoLC)fst01244134
=648  \7$a750-1258$2fast
=655  \7$aHistory.$2fast$0(OCoLC)fst01411628
=880  1\$6100-01/r$aحريري، سيد علي.
=880  10$6240-02/r$aاخبار السنية في الحروب الصليبية
=880  10$6245-03/r$aكتاب الأخبار السنية في الحروب الصليبية /$cتأليف سيد علي الحريري.
=880  30$6246-04/r$aأخبار السنية في الحروب الصليبية
=880  \\$6250-05/r$aالطبعة 2.
=880  \\$6260-06/r$a[Place of publication not identified] :$b[publisher not identified]،$c1329 [1911]$e(مصر :$fمطبعة النيل)
=999  \\$iUaCaAUL_b23790532$o(OCoLC)ocm16148429$sauc_aco000266$e(ERROR-880)
=994  \\$aC0$bZYU

