=LDR  01945cam a2200397Ii 4500
=001  ocn123283278
=003  OCoLC
=005  20190305074031.0
=008  011105s1948\\\\mr\\\\\\\\\\\\000\0\ara\d
=040  \\$aUkMaJRU$beng$erda$cSTF$dOCLCG$dNYP$dOCLCF$dOCLCO$dOCL$dOCLCO$dOCLCQ$dMEAUC$dOCLCQ
=035  \\$a(OCoLC)123283278
=043  \\$aff-----
=050  \4$aDT204$b.F3 1948
=049  \\$aZYUU
=100  1\$6880-01$aFāsī, ʻAllāl,$d1910-1974.
=245  13$6880-02$aal-Ḥarakāt al-istiqlālīyah fī al-Maghrib al-ʻArabī /$cʻAllāl al-Fāsī.
=250  \\$6880-03$aal-Ṭabʻah al-ūlá.
=264  \1$6880-04$aMarākish :$bLajnat al-Thaqāfah al-Waṭanīyah li-Ḥizb al-Istiqlāl,$c1948.
=300  \\$a15, 560 pages ;$c24 cm
=336  \\$atext$btxt$2rdacontent
=337  \\$aunmediated$bn$2rdamedia
=338  \\$avolume$bnc$2rdacarrier
=650  \0$aNational liberation movements$zAfrica, North.
=651  \0$aAfrica, North$xPolitics and government.
=651  \0$aMorocco$xPolitics and government.
=650  \7$aNational liberation movements.$2fast$0(OCoLC)fst01033606
=650  \7$aPolitics and government$2fast$0(OCoLC)fst01919741
=651  \7$aAfrica, North.$2fast$0(OCoLC)fst01239515
=651  \7$aMorocco.$2fast$0(OCoLC)fst01205592
=776  08$iOnline version:$aFāsī, ʻAllāl, 1910-1974.$tArakāt al-istiqlālīyah fī al-Maghrib al-ʻArabī.$bal-Ṭabʻah 1.$dMarrākish : Lajnat al-Thaqāfah al-Waṭanīyah li-Ḥizb al-Istiqlāl, 1948$w(OCoLC)654519249
=880  1\$6100-01/r$aفاسي، علال،$d1910-1974.
=880  12$6245-02/r$aالحركات الاستقلالية في المغرب العربي /$cعلال الفاسي.
=880  \\$6250-03/r$aالطبعة الأولى.
=880  \1$6264-04/r$aمراكش :$bلجنة الثقافة الوطنية لحزب الاستقلال،$c1948.
=999  \\$iUaCaAUL_b12616345$o(OCoLC)ocn123283278$sauc_aco000467
=994  \\$aC0$bZYU

