=LDR  02029cam a2200397Ii 4500
=001  ocn122818370
=003  OCoLC
=005  20190305074031.0
=008  991102s1952\\\\ua\af\\\\b\\\\000\0\ara\d
=040  \\$aUaCaAUL$beng$erda$cMEAUC$dOCLCQ$dOCLCF$dOCLCO$dOCLCQ$dMEAUC
=035  \\$a(OCoLC)122818370
=043  \\$af-ua---
=090  \\$aDT60$b.S2 1952
=049  \\$aZYUU
=100  1\$6880-01$aSaad, Zaki Yusef.
=245  13$6880-02$aal-Ḥafāʼir al-malakiyah bi-Ḥulwān :$bal-fan wa-al-ḥaḍārah fī al-usratiyyn al-ulá wa-al-thāniyah /$ctaʼlīf Zakī Yūsuf Saʻd amīn al-Mutḥaf al-Miṣrī wa-mudīr al-ḥafāʼr al-malakīyah bi-Ḥulwān.
=264  \1$6880-03$a[Miṣr] :$b[Maktabat al-Anjilū al-Miṣrīyah, Ṣubḥī wa-shurakāh] ,$c[1952]
=264  \3$6880-04$a[Cairo] :$bDār al-Nīl lil-Ṭibāʻah,$c1952.
=300  \\$a102 pages, 72 unnumberd leaves of plates :$billustrations ;$c24 cm
=336  \\$atext$btxt$2rdacontent
=337  \\$aunmediated$bn$2rdamedia
=338  \\$avolume$bnc$2rdacarrier
=504  \\$aIncludes bibliographical references.
=651  \0$aEgypt$xCivilization.
=650  \0$aArt, Egyptian.
=651  \0$aEgypt$xAntiquities.
=650  \7$aAntiquities.$2fast$0(OCoLC)fst00810745
=650  \7$aArt, Egyptian.$2fast$0(OCoLC)fst00816211
=650  \7$aCivilization.$2fast$0(OCoLC)fst00862898
=651  \7$aEgypt.$2fast$0(OCoLC)fst01208755
=880  1\$6100-01/r$aسعد، زكي يوسف.
=880  12$6245-02/r$aالحفائر الملكية بحلوان :$bالفن والحضارة في الأسرتين الأولى والثانية /$cتأليف زكي يوسف سعد أمين المتحف المصري ومدير الحفائر الملكية بحلوان.
=880  \1$6264-03/r$a[مصر] :$b[مكتبة الأنجلو المصرية، صبحي وشركاه] ،$c[1952]
=880  \3$6264-04/r$a[القاهرة] :$bدار النيل للطباعة،$c1952.
=999  \\$iUaCaAUL_b12358022$o(OCoLC)ocn122818370$sauc_aco000502
=994  \\$aC0$bZYU

