=LDR  01847cam a2200457Mi 4500
=001  ocm23493245\
=003  OCoLC
=005  20190305074031.0
=008  891005s1936\\\\xx\ac\\\\\\\\\000\0\ara\\
=010  \\$ane 68001100 
=040  \\$aDLC$beng$erda$cEYM$dNLGGC$dOCLCG$dLGG$dOCLCQ$dOCLCF$dOCLCO$dOCLCQ$dOCL$dOCLCO$dOCL$dMEAUC
=029  1\$aNLGGC$b124318819
=029  1\$aGBVCP$b867781424
=035  \\$a(OCoLC)23493245
=043  \\$af-ua---
=050  \4$aDT107.82$b.T16 1936
=084  \\$a15.80$2bcl
=049  \\$aZYUU
=100  1\$aṬanāḥī, Ṭāhir,$eauthor.
=245  10$6880-01$aFārūq al-Awwal /$cbi-qalam Ṭāhir al-Ṭanāḥī.
=264  \1$6880-02$aMiṣr :$bʻUniyat bi-Nashruh Dār al-Hilāl,$c1936.
=300  \\$a191 pages :$billustrations, portraits ;$c24 cm
=336  \\$atext$btxt$2rdacontent
=337  \\$aunmediated$bn$2rdamedia
=338  \\$avolume$bnc$2rdacarrier
=600  00$aFaruk$bI,$cKing of Egypt,$d1920-1965.
=651  \0$aEgypt$xKings and rulers$vBiography.
=651  \0$aEgypt$xHistory$y1919-1952.
=600  07$aFaruk$bI,$cKing of Egypt,$d1920-1965$2fast$0(OCoLC)fst00004445
=650  \7$aKings and rulers.$2fast$0(OCoLC)fst00987694
=651  \7$aEgypt.$2fast$0(OCoLC)fst01208755
=650  17$aBinnenlandse politiek.$2gtt
=648  \7$a1919-1952$2fast
=655  \7$aHistory$2fast$0(OCoLC)fst01411628
=655  \7$aBiography.$2fast$0(OCoLC)fst01423686
=776  08$iOnline version:$aal-Ṭanāḥī, Ṭāhir.$tFārūq al-Awwal.$d1936$w(OCoLC)645355201
=880  1\$6100-00$aطناحي، طاهر$eauthor.
=880  10$6245-01$aفاروق الأول /$cبقلم طاهر أحمد الطناحي.
=880  \1$6264-02$aمصر :$bعنيت بنشره دار الهلال،$c1936.
=999  \\$iUaCaAUL_b12378847$o(OCoLC)ocm23493245$sauc_aco000452$e(ERROR-880)
=994  \\$aC0$bZYU

