=LDR  01741cam a2200373Ii 4500
=001  ocn122823456
=003  OCoLC
=005  20190305074031.0
=008  041117s1945\\\\ua\\\\\\\b\\\\000\0\ara\d
=040  \\$aEG-CaAUA$beng$erda$cMEAUC$dOCLCF$dOCLCO$dOCL$dOCLCQ$dOCL$dOCLCQ$dMEAUC$dOCLCQ
=035  \\$a(OCoLC)122823456
=043  \\$ae-uk---
=050  \4$aDA564.B3$bB3x
=049  \\$aZYUU
=100  1\$6880-01$aBarrāwī, Rāshid.
=245  10$6880-02$aDizrāʼīlī /$ctaʼlīf Duktūr Rāshid al-Barrāwī mudarris al-tārīkh al-sīyāsī wa-al-iqtiṣādī bi-Kullīyat al-Tijārah (Jāmiʻat Fuʼād al-Awwal).
=264  \1$6880-03$a[Cairo] :$bMaktabat al-Nahḍah al-Miṣrīyah,$c[1945]
=264  \3$6880-04$aMiṣr :$bMaṭbaʻat al-Iʻtimād,$c[1945]
=300  \\$a142 pages ;$c17 cm
=336  \\$atext$btxt$2rdacontent
=337  \\$aunmediated$bn$2rdamedia
=338  \\$avolume$bnc$2rdacarrier
=500  \\$aDate from introduction.
=504  \\$aIncludes bibliographical references (page 143).
=651  \0$aGreat Britain$xPolitics and government$y1837-1901.
=650  \7$aPolitics and government$2fast$0(OCoLC)fst01919741
=651  \7$aGreat Britain.$2fast$0(OCoLC)fst01204623
=648  \7$a1837-1901$2fast
=880  1\$6100-01$aبراوي، راشد.
=880  10$6245-02$aدزرائيلي /$cتأليف دكتور راشد البراوي مدرس التاريخ السياسي والاقتصادي بكلية التجارة (جامعة فؤاد الأول).
=880  \1$6264-03$a[Cairo] :$bمكتبة النهضة المصرية،$c[1945]
=880  \3$6264-04$aمصر :$bمطبعة الاعتماد،$c[1945]
=999  \\$iUaCaAUL_b1318006x$o(OCoLC)ocn122823456$sauc_aco000267
=994  \\$aC0$bZYU

