=LDR  01713cam a2200361Ii 4500
=001  ocn318942322
=003  OCoLC
=005  20190305074031.0
=008  020115s1954\\\\ua\b\\\\\\\\\\000\0\ara\d
=040  \\$aMEAUC$beng$cMEAUC$erda$dOCLCF$dOCLCO$dOCLCQ$dMEAUC
=035  \\$a(OCoLC)318942322
=090  \\$aG370$b.A3 1954
=049  \\$aZYUU
=100  1\$6880-01$aʻAdawī, Ibrāhīm Aḥmad ,$eauthor.
=245  10$6880-02$aIbn Baṭṭūṭah fī al-ʻālam al-Islāmī /$cIbrāhīm Aḥmad al-ʻAdawī.
=264  \1$6880-03$aMiṣr :$bDār al-Maʻārif bi-Miṣr,$c1954.
=300  \\$a155 pages :$bmap ;$c17 cm.
=336  \\$atext$btxt$2rdacontent
=337  \\$aunmediated$bn$2rdamedia
=338  \\$avolume$bnc$2rdacarrier
=490  1\$6880-04$aIqrāʼ ;$v144
=600  00$6880-05$aIbn Batuta,$d1304-1377.$tTuḥfat al-nuẓẓār fī gharāʼib al-amṣār wa-ʻajāʼib al-asfār.
=650  \4$aG370$x.A3 1954.
=630  07$aTuḥfat al-nuẓẓār fī gharāʼib al-amṣār wa-ʻajāʼib al-asfār (Ibn Batuta)$2fast$0(OCoLC)fst01373851
=830  \0$6880-06$aIqraʼ (Cairo, Egypt) ;$v144.
=880  1\$6100-01/r$aعدوي، إبراهيم أحمد.
=880  10$6245-02/r$aابن بطوطة فى العالم الإسلامي /$cإبراهيم أحمد العدوي.
=880  \1$6264-03/r$aمصر :$bدار المعارف بمصر،$c1954.
=880  1\$6490-04/r$aاقرأ ؛$v144
=880  14$6600-05/r$aابن بطوطة.$tتحفة النظار في غرائب الامصار وعجائب الاسفار.
=880  \0$6830-06/r$aاقرأ (القاهرة، مصر) ؛$v144.
=999  \\$iUaCaAUL_b13263316$o(OCoLC)ocn318942322$sauc_aco000538$e(ERROR-880)
=994  \\$aC0$bZYU

