=LDR  02098cam a2200433Ii 4500
=001  ocm04250500\
=003  OCoLC
=005  20190305074031.0
=008  780929s1933\\\\ua\c\\\\\\\\\\000\0cara\d
=040  \\$aCLU$beng$erda$cCLU$dOCLCQ$dOCLCF$dOCLCQ$dOCL$dOCLCO$dMEAUC
=019  \\$a1033876509$a1048976279
=035  \\$a(OCoLC)4250500$z(OCoLC)1033876509$z(OCoLC)1048976279
=043  \\$af-ua---
=050  \4$aDT70$b.H117 1933
=049  \\$aZYUU
=245  00$6880-01$aḤaḍārat Miṣr al-ḥadīthah/$cli-nukhbah min zuʻamāʼ al-raʼy wa-al-thaqāfah fī Miṣr.
=264  \1$6880-02$aal-Qāhirah :$bʻuniya bi-nashrih Qism al-Khidmah al-ʻĀmmah bi-al-Jāmiʻah al-Amrīkīyah,$c1933.
=264  \3$6880-03$a[Cairo] :$biltazamat ṭabʻahu wa-bayʻahu idārat al-Maṭbaʻah al-ʻAṣrīyah,$c1933.
=300  \\$a200 pages :$bportraits ;$c24 cm
=336  \\$atext$btxt$2rdacontent
=337  \\$aunmediated$bn$2rdamedia
=338  \\$avolume$bnc$2rdacarrier
=651  \0$aEgypt$xEconomic conditions.
=650  \0$aArabic literature$zEgypt$xHistory and criticism.
=650  \0$aEducation$zEgypt.
=651  \0$aEgypt$xForeign relations$zEurope.
=650  \7$aArabic literature.$2fast$0(OCoLC)fst00812478
=650  \7$aDiplomatic relations.$2fast$0(OCoLC)fst01907412
=650  \7$aEconomic history.$2fast$0(OCoLC)fst00901974
=650  \7$aEducation.$2fast$0(OCoLC)fst00902499
=651  \7$aEgypt.$2fast$0(OCoLC)fst01208755
=651  \7$aEurope.$2fast$0(OCoLC)fst01245064
=655  \7$aCriticism, interpretation, etc.$2fast$0(OCoLC)fst01411635
=710  2\$aAmerican University at Cairo.
=880  00$6245-01/r$aحضارة مصر الحديثة/$cلنخبة من زعماء الرأي والثقافة في مصر.
=880  \1$6264-02/r$aالقاهرة :$bعني بنشره قسم الخدمة العامة بالجامعة الأمريكية،$c1933.
=880  \3$6264-03/r$a[Cairo] :$bالتزمت طبعه وبيعه إدارة المطبعة العصرية،$c1933.
=999  \\$iUaCaAUL_b12421054$o(OCoLC)ocm04250500$sauc_aco000512$e(ERROR-880)
=994  \\$aC0$bZYU

