=LDR  01789cam a2200373Ii 4500
=001  ocm29774379\
=003  OCoLC
=005  20190305074031.0
=008  940209nuuuuuuuuxx\\\\\\\\\\\\000\0\ara\d
=040  \\$aAUM$beng$erda$cAUM$dOCLCG$dOCLCQ$dOCLCF$dOCLCQ$dOCLCO$dMEAUC
=035  \\$a(OCoLC)29774379
=041  1\$aara$heng
=043  \\$aar-----
=050  \4$aDS222.8$b.M312
=049  \\$aZYUU
=100  1\$6880-01$aMargoliouth, D. S.$q(David Samuel),$d1858-1940.
=240  10$aLectures on Arabic historians.$lArabic
=245  10$6880-02$aDirāsāt ʻan al-muʼarrikhīn al-ʻArab /$ctaʼlīf al-mustashriq Marghūliyūth ; turjima al-duktūr Ḥusayn Naṣṣār Kulliyat al-Ādāb, Jāmiʻat al-Qāhirah.
=264  \1$6880-03$a[Place of publication not identified] :$bDār al-Thaqāfah,$c[date of publication not identified]
=300  \\$a175 pages ;$c20 cm
=336  \\$atext$btxt$2rdacontent
=337  \\$aunmediated$bn$2rdamedia
=338  \\$avolume$bnc$2rdacarrier
=500  \\$aTranslation of: Lectures on Arabic historians.
=650  \0$aHistorians, Arab.
=651  \0$aArabian Peninsula$xHistory.
=650  \7$aHistorians, Arab.$2fast$0(OCoLC)fst00957715
=651  \7$aArabian Peninsula.$2fast$0(OCoLC)fst01240131
=655  \7$aHistory.$2fast$0(OCoLC)fst01411628
=880  1\$6100-01/r$aمرغوليوث،$d1858-1940.
=880  10$6245-02/r$aدراسات عن المؤرخين العرب /$cتأليف المستشرق مرغوليوث ؛ ترجم الدكتور حسين نصار كلية الآداب، جامعة القاهرة.
=880  \1$6264-03/r$a[Place of publication not identified] :$bدار الثقافة،$c[date of publication not identified]
=999  \\$iUaCaAUL_b13844118$o(OCoLC)ocm29774379$sauc_aco000320$e(ERROR-880)
=994  \\$aC0$bZYU

