=LDR  02485cam a2200433Ii 4500
=001  ocm44092882\
=003  OCoLC
=005  20190305074031.0
=008  000522s1950\\\\ua\a\\\\\b\\\\000\0barard
=040  \\$aIUL$beng$cIUL$dOCLCG$dOCLCF$dOCLCQ$dMEAUC$dOCL$dDHA
=035  \\$a(OCoLC)44092882
=050  \4$aDT102.T3$bB13 1950
=049  \\$aZYUU
=100  1\$6880-01$aBadawī, Aḥmad Aḥmad,$eauthor.
=245  10$6880-02$aRifāʻah al-Tahṭāwī Bik /$ctaʼlīf Aḥmad Aḥmad Badawī, mudarris bi-Kullīyat Dār al-ʻUlūm bi-Jāmiʻat Fuʼād al-Awwal.
=264  \1$6880-03$a[Cairo] :$bLajnat al-Bayān al-ʻArabī,$c1950.
=264  \3$6880-04$a[Cairo] :$bMaṭbaʻat Lajnat al-Bayān al-ʻArabī,$c1950.
=300  \\$a347 pages ;$c24 cm
=336  \\$atext$btxt$2rdacontent
=337  \\$aunmediated$bn$2rdamedia
=338  \\$avolume$bnc$2rdacarrier
=500  \\$6880-05$a"Nāla hādhā al-kitāb al-jāʼizah al-ūlá li-Majmaʻ Fuʼād al-Awwal li-Lughah al-ʻArabaīyah fī al-Musābaqah al-Adabīyah sanat 1950."
=504  \\$aIncludes bibliographical references (pages [337]-345).
=600  10$6880-06$aṬahṭāwī, Rifāʻah Rāfiʻ,$d1801-1873.
=600  17$aṬahṭāwī, Rifāʻah Rāfiʻ,$d1801-1873$2fast$0(OCoLC)fst00105700
=600  14$6880-07$aṬahṭāwī, Rifāʻah Rāfiʻ,$d1801-1873.
=651  \0$aEgypt$vBiography.
=651  \7$aEgypt.$2fast$0(OCoLC)fst01208755
=655  \7$aBiography.$2fast$0(OCoLC)fst01423686
=776  08$iOnline version:$aBadawī, Aḥmad Aḥmad.$tRifāʻah ʻal-Tahṭāwī Bik.$d[Cairo] : Lajnat al-Bayān al-ʻArabī, 1950$w(OCoLC)697738779
=880  1\$6100-01/r$aبدوى، أحمد أحمد.
=880  10$6245-02/r$aرفاعة الطهطاوى بك /$cتأليف أحمد أحمد بدوي، مدرس بكلية دار العلوم بجامعة فؤاد الأول.
=880  \1$6264-03/r$a[Cairo] :$bلجنة البيان العربى،$c1950.
=880  \3$6264-04/r$a[Cairo] :$bمطبعة لجنة البيان العربي،$c1950.
=880  \\$6500-05/r$a"نال هذه الكتاب الجائزة الأولى لمجمع فؤاد الأول للغة العربية في المسابقة الأدبية سنة 1950."
=880  14$6600-06/r$aطهطاوى، رفاعة رافع،,$d1801-1873.
=880  14$6600-07/r$aطهطاوى, رفاعة رافع,$d1801-1873.
=999  \\$iUaCaAUL_b1211618x$o(OCoLC)ocm44092882$sauc_aco000356$e(ERROR-880)
=994  \\$aC0$bZYU

