=LDR  03062cam a2200493Ii 4500
=001  ocm44448557\
=003  OCoLC
=005  20190305074031.0
=008  000621s1955\\\\xx\ch\\\\\\\\\000\0\ara\d
=040  \\$aIUL$beng$erda$cIUL$dIUL$dOCLCA$dOCLCF$dOCLCA$dOCLCQ$dMEAUC$dOCL$dOCLCQ
=035  \\$a(OCoLC)44448557
=043  \\$af-ua---
=050  \4$aBP44$b.Z3 1955
=050  \4$aLC904$b.Z395
=049  \\$aZYUU
=100  1\$6880-01$aẒawāhirī, Muḥammad al-Aḥmadī,$d-1944.
=245  13$6880-02$aal-ʻIlm wa-al-ʻulamāʼ wa-niẓām al-taʻlīm /$cbi-qalam al-marḥūm al-ustādh al-akbar al-shaykh Muḥammad al-Aḥmadī al-Ẓawāhirī shaykh al-Jāmiʻ al-Azhar ; wa-bihā muqaddimah tārīkhīyah wa-siyāsiyah, bi-qalam najl al-muʼallif al-duktūr Fakhr al-Dīn al-Aḥmadī al-Ẓawāhirī.
=250  \\$6880-03$aṬabʻah al-thāniyah.
=264  \1$6880-04$a[Place of publication not identified] :$b[publisher not identified],$c1955.
=300  \\$a11, 304 pages :$bportraits, facsimilies ;$c20 cm
=336  \\$atext$btxt$2rdacontent
=337  \\$aunmediated$bn$2rdamedia
=338  \\$avolume$bnc$2rdacarrier
=500  \\$6880-05$a"Al-Ṭabʻah al-ūlá ṣadarat fī sanat 1904 ʻindamā kāna al-muʼallif mudarrisan bi-Maʻhad Ṭanṭā al-ʻIlmī al-Dīnī al-Islāmī."
=650  \0$aIslamic education$zEgypt.
=650  \0$aIslamic religious education$zEgypt.
=610  20$6880-06$aJāmiʻ al-Azhar.
=650  \0$aEducation$zEgypt.
=610  27$aJāmiʻ al-Azhar.$2fast$0(OCoLC)fst00560467
=650  \7$aEducation.$2fast$0(OCoLC)fst00902499
=650  \7$aIslamic education.$2fast$0(OCoLC)fst00979927
=650  \7$aIslamic religious education.$2fast$0(OCoLC)fst00980044
=651  \7$aEgypt.$2fast$0(OCoLC)fst01208755
=700  1\$6880-07$aẒawāhirī, Fakhr al-Dīn al-Aḥmadī.
=776  08$iOnline version:$aẒawāhirī, Muḥammad al-Aḥmadī, -1944.$tʻIlm wa-al-ʻulamāʼ wa-niẓām al-taʻlīm.$bṬabʻah 2.$d[al-Qāhirah : Dār al-Waʻy al-Qawmī], 1955$w(OCoLC)622041643
=880  1\$6100-01/r$aظواهري، محمد الأحمدي،$d-1944.
=880  12$6245-02/r$aالعلم والعلماء ونظام التعليم /$cبقلم المرحوم الأستاذ الأكبر الشيخ محمد الأحمدي الظواهري شيخ الجامع الأزهر ؛ وبها مقدمة تاريخية وسياسية، بقلم نجل المؤلف الدكتور فخر الدين الأحمدي الظواهري.
=880  \\$6250-03/r$aطبعة الثانية.
=880  \1$6264-04/r$a[Place of publication not identified] :$b[publisher not identified]،$c1955.
=880  \\$6500-05/r$a"الطبعة الأولى صدرت في سنة 1904 عندما كان المؤلف مدرسا بمعهد طنطا العلمي الديني الإسلامي."
=880  24$6610-06/r$aجامع الأزهر.
=880  1\$6700-07/r$aظواهري، فخر الدين الأحمدي.
=999  \\$iUaCaAUL_b12567747$o(OCoLC)ocm44448557$sauc_aco000459
=994  \\$aC0$bZYU

