=LDR  01619cam a2200337Ia 4500
=001  ocm18265727\
=003  OCoLC
=005  20190305074031.0
=008  880725s1923\\\\ua\\\\\\\\\\\\000\0\ara\d
=040  \\$aOSU$beng$cOSU$dOSU$dMEAUC$dOCLCF$dOCLCQ
=035  \\$a(OCoLC)18265727
=050  \4$aDS215$b.F37 1923
=049  \\$aZYUU
=245  00$6880-01$aFatāwá kibār al-kuttāb wa-al-udabāʼ fī :$b1, mustaqbal al-lughah al-ʻArabīyah ; 2, nahḍat al-sharq al-ʻArabī wa-mawqifuhu azāʼ al-madanīyah al-Gharbīyah.
=246  30$6880-02$aMustaqbal al-lughah al-ʻArabīyah
=246  30$6880-03$aNahḍat al-sharq al-ʻArabī wa-mawqifuhu azāʼ al-madanīyah al-Gharbīyah
=260  \\$6880-04$aMiṣr :$bIdārat al-Hilāl,$c1923.
=300  \\$a159 pages ;$c20 cm
=336  \\$atext$btxt$2rdacontent
=337  \\$aunmediated$bn$2rdamedia
=338  \\$avolume$bnc$2rdacarrier
=650  \0$aCivilization, Arab.
=650  \0$aArabic language.
=650  \7$aArabic language.$2fast$0(OCoLC)fst00812287
=650  \7$aCivilization, Arab.$2fast$0(OCoLC)fst00862967
=880  00$6245-01$aفتاوى كبار الكتاب والادباء في :$b1، مستقبل اللغة العربية ؛ 2، نهضة الشرق العربي وموقفه ازاء المدنية الغربية.
=880  30$6246-02$aمستقبل اللغة العربية
=880  30$6246-03$aنهضة الشرق العربي وموقفه ازاء المدنية الغربية
=880  \\$6260-04$aمصر :$bإدارة الهلال،$c1923.
=999  \\$iUaCaAUL_b19077920$o(OCoLC)ocm18265727$sauc_aco000524
=994  \\$aC0$bZYU

