=LDR  01571ctm a2200325Ii 4500
=001  ocn123436139
=003  OCoLC
=005  20190305074031.0
=008  910911nuuuuuuuuxx\a\\\\\b\\\\000\0\ara\d
=040  \\$aPUL$beng$cMEAUC$erda$dOCLCG$dOCLCQ$dOCLCF$dOCLCO$dOCLCQ$dMEAUC$dOCLCO
=035  \\$a(OCoLC)123436139
=090  \\$aGN24$b.B3x
=049  \\$aZYUU
=100  1\$6880-01$aBadawī, Aḥmad Zakī,$d1910-$eauthor.
=245  10$6880-02$aFajr al-tārīkh /$cAḥmad Zakī Badawī.
=264  \1$6880-03$a[Place of publication not identified] :$b[publisher not identified],$c[date of publication not identified)
=300  \\$a111 pages :$billustrations ;$c20 cm
=336  \\$atext$btxt$2rdacontent
=337  \\$aunmediated$bn$2rdamedia
=338  \\$avolume$bnc$2rdacarrier
=500  \\$6880-04$aLast page of text stamped: Maktabat al-ʻArabī li-ṣāḥibihā, Yūsuf Tūmā al-Bustānī bi-al-Fajjālah bi-Miṣr.
=504  \\$aIncludes bibliographical references.
=650  \0$aAnthropology.
=650  \7$aAnthropology.$2fast$0(OCoLC)fst00810196
=880  1\$6100-01/r$aبدوي، أحمد زكي،$d1910.
=880  10$6245-02/r$aفجر التاريخ /$cأحمد زكي بدوي.
=880  \1$6264-03/r$a[Place of publication not identified] :$b[publisher not identified]،$c[date of publication not identified)
=880  \\$6500-04/r$aLast page of text stamped: مكتبة العربي لصاحبها، يوسف توما البستاني بالفجالة بمصر.
=999  \\$iUaCaAUL_b1378965x$o(OCoLC)ocn123436139$sauc_aco000528
=994  \\$aC0$bZYU

