=LDR  01509cam a2200385Mi 4500
=001  ocm23493120\
=003  OCoLC
=005  20190305074031.0
=008  891005s1951\\\\ua\ab\\\\b\\\\000\0\ara\d
=040  \\$aEYM$beng$erda$cEYM$dSFB$dOCLCQ$dOCLCF$dOCLCQ$dOCL$dOCLCO$dMEAUC
=035  \\$a(OCoLC)23493120
=043  \\$af-ua---$af-sj---
=050  \4$aDT107.82$b.M78 1951
=049  \\$aZYUU
=100  1\$6880-01$aMuʼmin, Muṣṭafá.
=245  10$6880-02$aṢawt Miṣr /$cMuṣṭafá Muʼmin.
=264  \1$6880-03$aal-Qāhirah : Maṭbaʻat Dār al-Kātib al-ʻArabī,$c1951.
=300  \\$a14, 436 pages, 3 unnumbered pages :$billustrations, maps ;$c24 cm
=336  \\$atext$btxt$2rdacontent
=337  \\$aunmediated$bn$2rdamedia
=338  \\$avolume$bnc$2rdacarrier
=500  \\$aIncludes errata page.
=504  \\$aIncludes bibligraphicalrefernces (unnumbered pages 2,3).
=651  \0$aEgypt$xHistory.
=651  \0$aEgypt$xForeign relations$zSudan.
=651  \0$aSudan$xForeign relations$zEgypt.
=650  \7$aDiplomatic relations.$2fast$0(OCoLC)fst01907412
=651  \7$aEgypt.$2fast$0(OCoLC)fst01208755
=651  \7$aSudan.$2fast$0(OCoLC)fst01204591
=655  \7$aHistory.$2fast$0(OCoLC)fst01411628
=880  1\$6100-01/r$aمؤمن، مصطفى.
=880  10$6245-02/r$aصوت مصر /$cمصطفى مؤمن.
=880  \1$6264-03/r$aالقاهرة : مطبعة دار الكاتب العربي،$c1951.
=999  \\$iUaCaAUL_b12757597$o(OCoLC)ocm23493120$sauc_aco000401
=994  \\$aC0$bZYU

