=LDR  02662cam a2200529Mi 4500
=001  ocn264647934
=003  OCoLC
=005  20190305074031.0
=008  020607s1901\\\\ua\c\\\\\\\\\\000\0\ara\d
=040  \\$aCUD$beng$erda$cCUD$dLGG$dOCLCF$dOCLCO$dOCLCQ$dOCL$dMEAUC$dOCL
=019  \\$a427855512
=035  \\$a(OCoLC)264647934$z(OCoLC)427855512
=043  \\$af-sj---
=050  \4$aDT156.6$b.F38 1901
=049  \\$aZYUU
=100  1\$6880-01$aFawzī, Ibrāhīm,$cBāshā.
=240  10$6880-02$aSūdān bayna yaday Ghurdūn wa-Kitshinir
=245  10$6880-03$aKitāb al-Sūdān bayna yaday Ghurdūn wa-Kitshinir /$ctaʼlīf ʼIbrāhīm Fawzī Bāshā.
=264  \1$6880-04$a[Cairo] :$bṬubiʻa ʻalá nafaqat muʼallifahu wa-Idārat Jarīdat al-Muʼayyid,$c1319 [1901]
=300  \\$a2 volumes in 1 :$bportraits ;$c24 cm
=336  \\$atext$btxt$2rdacontent
=337  \\$aunmediated$bn$2rdamedia
=338  \\$avolume$bnc$2rdacarrier
=500  \\$6880-05$aḤuqūq al-ṭabʻ wa-al-tarjamah maḥfūẓah lahumā maʻan.
=500  \\$6880-06$aTamma ṭabʻahu fī shahr Ṣafar sanat 1319 Hijrīyah.
=500  \\$aA third volume is promised in the explicit of vol.2, but no more appears to have been published.
=520  \\$aThe Sudan in the time of Gordon and Kitchener.
=600  10$aMahdī, Muḥammad Aḥmad,$d1848-1885.
=600  10$aGordon, Charles George,$d1833-1885.
=600  10$aKitchener, Horatio Herbert Kitchener,$cEarl,$d1850-1916.
=651  \0$aSudan$xHistory$y1821-1881.
=651  \0$aSudan$xHistory$y1881-1899.
=651  \0$aSudan$xHistory$y1899-1956.
=600  17$aGordon, Charles George,$d1833-1885$2fast$0(OCoLC)fst00011976
=600  17$aKitchener, Horatio Herbert Kitchener,$cEarl,$d1850-1916$2fast$0(OCoLC)fst00016123
=600  17$aMahdī, Muḥammad Aḥmad,$d1848-1885$2fast$0(OCoLC)fst00103315
=651  \7$aSudan.$2fast$0(OCoLC)fst01204591
=648  \7$a1821-1956$2fast
=655  \7$aHistory.$2fast$0(OCoLC)fst01411628
=880  1\$6100-01/r$aفوزي، ابراهيم،$cباشا.
=880  10$6240-02/r$aسودان بين يدي غردون وكتشنر
=880  10$6245-03/r$aكتاب السودان بين يدي غردون وكتشنر /$cتأليف ابراهيم فوزي باشا.
=880  \1$6264-04/r$a[Cairo] :$bطبع على نفقة مؤلفه وإدارة جريدة المؤيد،$c1319 [1901]
=880  \\$6500-05/r$aحقوق الطبع والترجمة محفوظة لهما معا.
=880  \\$6500-06/r$aتم طبعه في شهر صفر سنة 1319 هجرية.
=999  \\$iUaCaAUL_b11793661$o(OCoLC)ocn264647934$sauc_aco000476:2 v. in 1
=994  \\$aC0$bZYU

