=LDR  01393cam a2200361Ia 4500
=001  ocn122811360
=003  OCoLC
=005  20190305074031.0
=008  030112s1938\\\\ua\\\\\\\b\\\\000\0\ara\d
=040  \\$aUaCaAUL$beng$cMEAUC$dOCLCF$dOCLCO$dOCLCQ$dMEAUC
=035  \\$a(OCoLC)122811360
=090  \\$aB175.A7$bG5 1938
=049  \\$aZYUU
=100  1\$6880-01$aGhallāb, Muḥammad.
=245  13$6880-02$aal-Falsafah al-ighrīqyiah /$ctaʼlīf Muḥammad Ghallāb.
=246  3\$6880-03$aTatimmah al-falsafah al-hīlīnyiah
=250  \\$6880-04$aal-Ṭabʻah 1.
=260  \\$6880-05$aal-Qāhirah :$b[publisher not identified],$c1938.
=300  \\$av.2 ;$c24 cm
=336  \\$atext$btxt$2rdacontent
=337  \\$aunmediated$bn$2rdamedia
=338  \\$avolume$bnc$2rdacarrier
=500  \\$aIncludes errata page.
=504  \\$aIncludes bibliographical reference pages 359-364.
=650  \0$aPhilosophy, Ancient.
=650  \7$aPhilosophy, Ancient.$2fast$0(OCoLC)fst01060860
=880  1\$6100-01/r$aغلاب، محمد.
=880  12$6245-02/r$aالفلسفة الٳغريقية /$cتأليف محمد غلاب.
=880  3\$6246-03/r$aتتمة الفلسفة الهيلينية
=880  \\$6250-04/r$aالطبعة 1.
=880  \\$6260-05/r$aالقاهرة :$b[د.ن.]،$c1938.
=999  \\$iUaCaAUL_b13995807$o(OCoLC)ocn122811360$sauc_aco000353:v.1$sauc_aco000354:v.2
=994  \\$aC0$bZYU

