=LDR  02021cam a2200433Ii 4500
=001  ocm31087264\
=003  OCoLC
=005  20190305074031.0
=008  940912s1922\\\\ua\\\\\\\\\\\\000\0aarard
=040  \\$aCLE$beng$cCLE$dOCLCQ$dOCLCG$dUUM$dOCLCQ$dOCLCF$dOCLCO$dOCLCQ$dMEAUC
=035  \\$a(OCoLC)31087264
=041  1\$aara$heng
=043  \\$af-ua---
=050  \4$aDT70$b.C412 1922
=082  \4$a462$b365
=049  \\$aZYUU
=100  1\$aCecil, Edward,$cLord,$d1867-1918.
=240  10$aLeisure of an Egyptian official.$lArabic
=245  10$6880-01$aMudhakkirāt al-marḥūm al-Lūrd Idwārd Sisil al-mustashār al-mālī al-asbaq lil-ḥukūmah al-Miṣrīyah /$ctaʻarīb Muḥammad al-Tābʻī.
=264  \1$6880-02$a[Cairo] :$bMuḥammad al-Tābiʻī,$c1922.
=264  \3$6880-03$aal-Manṣūrah :$bMaṭbaʻat al-Nahḍah al-Miṣriyah,$c1922.
=300  \\$a10, 210 pages ;$c20 cm
=336  \\$atext$btxt$2rdacontent
=337  \\$aunmediated$bn$2rdamedia
=338  \\$avolume$bnc$2rdacarrier
=500  \\$6880-04$aḤuqūq al-ṭabʻ maḥfūẓah lil-muʻarrib.
=600  10$aCecil, Edward,$cLord,$d1867-1918.
=600  17$aCecil, Edward,$cLord,$d1867-1918.$2fast$0(OCoLC)fst00205519
=651  \0$aEgypt$xSocial life and customs.
=650  \7$aManners and customs.$2fast$0(OCoLC)fst01007815
=651  \7$aEgypt.$2fast$0(OCoLC)fst01208755
=700  1\$6880-05$aTābiʻī, Muḥammad,$d1903-$etranslator.
=880  10$6245-01$aمذكرات المرحوم اللورد ادوارد سسل المستشار المالي الأسبق للحكومة المصرية /$cتعريب محمد التابعي.
=880  \1$6264-02$a[Cairo] :$bمحمد التابعي،$c1922.
=880  \3$6264-03$aالمنصورة :$bمطبعة النهضة المصرية،$c1922.
=880  \\$6500-04$aحقوق الطبع محفوظة للمعرب.
=880  1\$6700-05$aتابعي، محمد،$d1903 -
=999  \\$iUaCaAUL_b12422307$o(OCoLC)ocm31087264$sauc_aco000500$e(ERROR-880)
=994  \\$aC0$bZYU

