=LDR  02477cam a2200445Ii 4500
=001  ocn223282281
=003  OCoLC
=005  20190305074031.0
=008  000207m19479999ua\\\\\\\b\\\\001\0cara\d
=040  \\$aAU@$beng$cAU@$dLGG$dOCLCF$dOCLCO$dOCLCQ$dOCLCO$dMEAUC$dOCLCO
=029  0\$aAU@$b000023240010
=035  \\$a(OCoLC)223282281
=043  \\$aaw-----$aff-----$ae-sp---
=050  \4$aDS37.7$b.D53 1987
=082  04$a953.02$221
=049  \\$aZYUU
=100  1\$6880-01$aDhahabī, Muḥammad ibn Aḥmad,$d1274-1348,$eauthor.
=245  10$6880-02$aTārīkh al-Islām wa-ṭabaqāt al-mashāhīr wa-al-aʻlām /$cli-muʼarrikh al-Islām al-ḥāfiẓ al-nāqid Shams al-Dīn Muḥammad ibn Aḥmad ibn ʻUthmān al-Dhahabī al-mutawaffá sanat 748 ʻan nuskhat Dār al-Kutub al-Miṣrīyah , wa-nuskhat Kambrīdj.
=264  \1$6880-03$aal-Qāhirah :$bMaktabat al-Qudsī,$c1367 [1947]
=300  \\$avolumes <1-6 > ;$c24 cm
=336  \\$atext$btxt$2rdacontent
=337  \\$aunmediated$bn$2rdamedia
=338  \\$avolume$bnc$2rdacarrier
=500  \\$6880-04$aʻUniyat bi-nashrihi Maktabat al-Qudsī li-ṣāḥibihā Ḥusām al-Dīn al-Qudsī.
=500  \\$6880-05$aḤuqūq al-ṭabʻ maḥfūẓah.
=504  \\$aIncludes bibliographical references and index.
=651  \0$aIslamic Empire$xHistory.
=651  \0$aIslamic Empire$vBiography.
=651  \7$aIslamic Empire.$2fast$0(OCoLC)fst01244134
=655  \7$aBiography.$2fast$0(OCoLC)fst01423686
=655  \7$aHistory.$2fast$0(OCoLC)fst01411628
=700  1\$6880-06$aQudsī, Ḥusām al-Dīn.
=880  1\$6100-01$aذهبي، محمد بن أحمد،$d1274-1348.
=880  10$6245-02$aتاريخ الإسلام وطبقات المشاهير والأعلام /$cلمؤرخ الإسلام الحافظ الناقد شمس الدين محمد بن أحمد بن عثمان الذهبي المتوفى سنة 748 عن نسخة دار الكتب المصرية ، ونسخة كمبريدج.
=880  \1$6264-03$aالقاهرة :$bمكتبة القدسي،$c1367 [1947]
=880  \\$6500-04$aعنيت بنشره مكتبة القدسي لصاحبها حسام الدين القدسي.
=880  \\$6500-05$aحقوق الطبع محفوظة.
=880  1\$6700-06$aقدسي، حسام الدين.
=999  \\$iUaCaAUL_b12784333$o(OCoLC)ocn223282281$sauc_aco000429:v.1$sauc_aco000443:v.5$sauc_aco000430:v.2$sauc_aco000444:v.6$sauc_aco000431:v.3$sauc_aco000432:v.4
=994  \\$aC0$bZYU

