=LDR  02489cam a2200373Ii 4500
=001  ocm21120591\
=003  OCoLC
=005  20190305074031.0
=008  900224s1924\\\\ua\a\\\\\b\\\\000\0\ara\d
=040  \\$aIXA$beng$erda$cIXA$dOCLCQ$dMEAUC$dOCLCF
=035  \\$a(OCoLC)21120591
=041  0\$aara$bfre
=043  \\$af-ua---
=050  \4$aDT153.Q3$bA85 1924
=049  \\$aZYUU
=100  1\$6880-01$aAṣmaʻī, Muḥammad ʻAbd al-Jawwād.
=245  10$6880-02$aQalʻat Muḥammad ʻAlī, lā qalʻat Nāpuliyūn :$bbaḥth tārīkhī atharī /$cbi-qalam Muḥammad ʻAbd al-Jawād al-Aṣmaʻī bi-Dār al-Kutub al-Miṣrīyah = Le Fort Méhémet-Ali : etude historique archéologique prouvant que c'est le Fort Méhémet-Ali et non Fort Napoléon / par Cheikh Mohamed Abdel-Gawad El Asmaï à la Bibliothèque Egyptienne.
=246  31$aFort Méhémet-Ali :$betude historique archéologique prouvant que c'est le Fort Méhémet-Ali et non Fort Napoléon
=264  \1$6880-03$aal-Qāhirah :$bMaṭbaʻat Dār al-Kutub al-Miṣrīyah bi-al-Qāhirah,$c1342 H., 1924 M.
=300  \\$a14, 103, 13 pages :$billustrations, maps, portraits, facsimiles ;$c26 cm
=336  \\$atext$btxt$2rdacontent
=337  \\$aunmediated$bn$2rdamedia
=338  \\$avolume$bnc$2rdacarrier
=546  \\$aSummary in French.
=500  \\$aTitle on added t.p.: le Fort Méhémet-Ali : etude historique archéologique prouvant que c'est le Fort Méhémet-Ali et non Fort Napoléon.
=500  \\$a"Muḥallá bi-nubdhah tārīkhīyah mumtiʻah ʻan al-madāris al-ḥarbīyah wa-al-maʻāmil al-ʻaskarīyah wa-ḥālat al-jaysh al-Miṣrī (al-barrī wa-baḥarī)--fī ʻahd "Muḥammad ʻAlī" / bi-qalam ḥaḍrat ṣāḥib al-sumuww al-amīr al-jalīl "ʻUmar Ṭūsūn".
=600  10$aṬūsūn, ʻUmar,$cPrince,$d1872-1944.
=600  17$aṬūsūn, ʻUmar,$cPrince,$d1872-1944.$2fast$0(OCoLC)fst00140919
=651  \0$aQalʻat Muḥammad ʻAlī (Egypt)
=880  1\$6100-01$aاصمعي، محمد عبد الجواد
=880  10$6245-02$aقلعة محمد علي، لا قلعة ناپلون :$bبحث تاريخي أثري /$cبقلم محمد عبد الجواد الأصمعي بدار الكتب المصرية.
=880  \1$6264-03$aالقاهرة :$bمطبعة دار الكتب المصرية بالقاهرة،$c1342 ه.، 1924 م.
=999  \\$iUaCaAUL_b12751364$o(OCoLC)ocm21120591$sauc_aco000440$e(ERROR-880)
=994  \\$aC0$bZYU

