=LDR  01609cam a2200361Mi 4500
=001  ocm60499181\
=003  OCoLC
=005  20190305074031.0
=008  041209nuuuuuuuuua\a\\\\\\\\\\000\0\ara\d
=040  \\$aMEAUC$beng$cMEAUC$dOCLCG$dOCLCA$dOCLCF$dOCLCO$dOCLCQ$dMEAUC
=029  1\$aNLGGC$b083349952
=035  \\$a(OCoLC)60499181
=050  \4$aDS238.H3$bA5
=049  \\$aZYUU
=100  1\$6880-01$aAmīn, Aḥmad,$d1886-1954,$eauthor.
=245  10$6880-02$aHarūn al-Rashīd /$ctaʼlīf al-duktūr Aḥmad Amīn bik
=264  \1$6880-03$aMiṣr :$bDār al-Hilāl bi-Miṣr,$c[date of publication not identified]
=300  \\$a224 pages :$billustrations ;$c20 cm
=336  \\$atext$btxt$2rdacontent
=337  \\$aunmediated$bn$2rdamedia
=338  \\$avolume$bnc$2rdacarrier
=490  1\$6880-04$aKitāb al-Hilāl ;$val-ʻadad 3
=600  00$6880-05$aHārūn al-Rashīd,$cCaliph,$dapproximately 763-809.
=600  07$aHārūn al-Rashīd,$cCaliph,$dapproximately 763-809$2fast$0(OCoLC)fst01823077
=830  \0$6880-06$aKitāb al-Hilāl ;$val-ʻadad 3.
=880  1\$6100-01$aأمين، أحمد،,$d1886-1954.$eauthor.
=880  10$6245-02$aهرون الرشيد /$cتأليف الدكتور أحمد أمين بك
=880  \1$6264-03$aمصر :$bدار الهلال بمصر،$c[date of publication not identified]
=880  1\$6490-04$aكتاب الهلال ؛$vالعدد 3
=880  04$6600-05$aهارون الرشيد،$cخليفة.
=880  \0$6830-06$aكتاب الهلال ؛ ;$vالعدد 3.
=999  \\$iUaCaAUL_b13156780$o(OCoLC)ocm60499181$sauc_aco000527
=994  \\$aC0$bZYU

