=LDR  01815cam a2200409Mi 4500
=001  ocm33992942\
=003  OCoLC
=005  20190305074031.0
=008  920602s1912\\\\ua\\\\\\\\\\\\000\0\ara\d
=040  \\$aHLS$beng$erda$cHLS$dUKMGB$dOCLCF$dOCLCQ$dOCLCO$dMEAUC$dOCL
=016  7\$a007979726$2Uk
=029  1\$aUKMGB$b007979726
=035  \\$a(OCoLC)33992942
=043  \\$af-ua---
=050  \4$aDT70$b.A58 1912
=049  \\$aZYUU
=100  1\$6880-01$aʻAbd al-Shahīd, Ūlifiyā ʻUwayḍah.
=240  10$6880-02$aʻĀʼilah al-Miṣrīyah
=245  10$6880-03$aKitāb al-ʻāʼilah al-Miṣrīyah /$cbi-qalam Ūlīfiyā ʻUwayḍah ʻAbd al-Shahīd al-Aqṣūrīyah.
=264  \1$6880-04$aMiṣr :$bMaṭbaʻat al-Taqaddum bi-shāriʻ Muḥammad ʻAlī,$c1912 M., 1330 H.
=300  \\$a255 pages ;$c20 cm
=336  \\$atext$btxt$2rdacontent
=337  \\$aunmediated$bn$2rdamedia
=338  \\$avolume$bnc$2rdacarrier
=650  \0$aFamilies$zEgypt.
=651  \0$aEgypt$xSocial life and customs$xHistory and criticism.
=650  \7$aFamilies.$2fast$0(OCoLC)fst01728849
=650  \7$aManners and customs.$2fast$0(OCoLC)fst01007815
=651  \7$aEgypt.$2fast$0(OCoLC)fst01208755
=655  \7$aCriticism, interpretation, etc.$2fast$0(OCoLC)fst01411635
=880  1\$6100-01/r$aعبد الشهيد، أوليفيا عويضة.
=880  10$6240-02/r$aعائلة المصرية
=880  10$6245-03/r$aكتاب العائلة المصرية /$cبقلم أوليفيا عويضة عبد الشهيد الاقصورية.
=880  \\$6260-00/r$aمصر :$bمطبعة التقدم،$c1912.
=880  \1$6264-04/r$aمصر :$bمطبعة التقدم بشارع محمد علي،$c1912 م.، 1330 ه.
=999  \\$iUaCaAUL_b12417294$o(OCoLC)ocm33992942$sauc_aco000415$e(ERROR-880)
=994  \\$aC0$bZYU

