=LDR  01461cam a22003731i 4500
=001  ocm15974155\
=003  OCoLC
=005  20190305074031.0
=008  870615s1938\\\\le\c\\\\\\\\\\000\0darar\
=010  \\$ane 62000113 
=040  \\$aDLC$beng$cDLC$dWAU$dOCLCF$dOCLCQ$dOCLCO$dOCLCQ$dMEAUC
=029  1\$aAU@$b000027072956
=035  \\$a(OCoLC)15974155
=042  \\$apremarc
=043  \\$aa-iq---
=050  00$aDS79$b.Y3
=049  \\$aZYUU
=100  1\$6880-01$aYāfī, Muḥammad ʻAbd al-Fattāḥ,$eauthor.
=245  13$6880-02$aal-ʻIrāq bayna inqilābayn /$cbi-qalam al-qāʼid al-ʻArabī Muḥammad ʻAbd al-Fattāḥ al-Yāfī.
=264  \1$6880-03$aBayrūt :$bManshūrāt al-Makshūf,$c1938.
=300  \\$a149 pages :$bportraits ;$c22 cm
=336  \\$atext$btxt$2rdacontent
=337  \\$aunmediated$bn$2rdamedia
=338  \\$avolume$bnc$2rdacarrier
=651  \0$aIraq$xHistory.
=651  \0$aIraq$vBiography.
=651  \7$aIraq.$2fast$0(OCoLC)fst01205757
=655  \7$aBiography.$2fast$0(OCoLC)fst01423686
=655  \7$aHistory.$2fast$0(OCoLC)fst01411628
=880  1\$6100-01$aيافي، محمد عبد الفتاح،$eauthor.
=880  12$6245-02$aالعراق بين انقلابين /$cبقلم القائد العربي محمد عبد الفتاح اليافي.
=880  \1$6264-03$aبيروت :$bمنشورات المكشوف،$c1938.
=999  \\$iUaCaAUL_b23859404$o(OCoLC)ocm15974155$sauc_aco000495
=994  \\$aC0$bZYU

