=LDR  01781cam a2200433Ii 4500
=001  ocn122827086
=003  OCoLC
=005  20190305074031.0
=008  010111s1922\\\\ua\f\\\\\\\\\\000\0\ara\d
=040  \\$aUaCaAUL$beng$erda$cYUS$dOCLCG$dOCLCO$dOCLCF$dOCLCQ$dOCL$dOCLCQ$dMEAUC
=035  \\$a(OCoLC)122827086
=043  \\$af-ua---$ae-uk---
=090  \\$aDT107.8$b.S5 1922
=049  \\$aZYUU
=100  1\$6880-01$aSibāʻī, Muḥammad,$eauthor.
=245  10$6880-02$aAbṭāl Miṣr /$cta'līf Muḥammad al-Sibāʻī.
=264  \1$6880-03$a[Egypt] :$b[publisher not identified],$c1340 -1922.
=300  \\$a301 pages, 3 unnumbered leaves of plates ;$c24 cm
=336  \\$atext$btxt$2rdacontent
=337  \\$aunmediated$bn$2rdamedia
=338  \\$avolume$bnc$2rdacarrier
=651  \0$aEgypt$xHistory$yFuad, 1917-1936.
=651  \0$aEgypt$xForeign relations$zGreat Britain.
=651  \0$aGreat Britain$xForeign relations$zEgypt.
=600  10$6880-04$aTharwat, ʻAbd al-Khāliq,$d1873-1928.
=650  \0$aPrime ministers$zEgypt.
=600  17$aTharwat, ʻAbd al-Khāliq,$d1873-1928.$2fast$0(OCoLC)fst01498646
=650  \7$aDiplomatic relations.$2fast$0(OCoLC)fst01907412
=650  \7$aPrime ministers.$2fast$0(OCoLC)fst01076416
=651  \7$aEgypt.$2fast$0(OCoLC)fst01208755
=651  \7$aGreat Britain.$2fast$0(OCoLC)fst01204623
=648  \7$a1917-1936$2fast
=655  \7$aHistory.$2fast$0(OCoLC)fst01411628
=880  1\$6100-01$aسباعي، محمد،$eauthor.
=880  10$6245-02$aأبطال مصر /$cتأليف محمد السباعى.
=880  \1$6264-03$a[Egypt] :$b[publisher not identified]،$c1340- 1922.
=880  14$6600-04$aثروت، عبد الخالق.
=999  \\$iUaCaAUL_b12767207$o(OCoLC)ocn122827086$sauc_aco000457
=994  \\$aC0$bZYU

