=LDR  02832cam a2200409Ia 4500
=001  ocm23915906\
=003  OCoLC
=005  20190305074031.0
=008  910611s1932\\\\ua\\\\\\\\\\\\000\0barard
=040  \\$aMNU$beng$cMNU$dOCLCG$dOCLCQ$dOCLCA$dOCLCF$dOCLCO$dOCLCQ
=019  \\$a123312639
=035  \\$a(OCoLC)23915906$z(OCoLC)123312639
=050  \4$aBP80.A2264$bM34x 1932
=049  \\$aZYUU
=100  0\$6880-01$aMuʻaẓẓam,$cSultan of Damascus,$d1180-1227.
=240  10$6880-02$aRadd ʻalá Abī Bakr al-Khaṭīb al-Baghdādī
=245  10$6880-03$aKitāb al-radd ʻalá Abī Bakr al-Khaṭīb al-Baghdādī :$bfī-mā dhakara fī tārīkhihi fī tarjamat al-Imām Sirāj al-Ummah Abī Ḥanīfah al-Nuʻmān ibn Thābit /$clil-Sulṭān al-Malik Abī al-Muẓaffar ʻĪsá ibn al-Malik al-ʻĀdil Sayf al-Dīn Abī Bakr ibn Ayyūb al-Ḥanafī.
=246  3\$6880-04$aRadd ʻalá Abī Bakr al-Khaṭīb al-Baghdādī
=250  \\$6880-05$aal-Ṭabʻah 1.
=260  \\$6880-06$a[Cairo] :$bMaṭbaʻat al-Saʻādah,$c1932.
=300  \\$a184 pages ;$c24 cm
=336  \\$atext$btxt$2rdacontent
=337  \\$aunmediated$bn$2rdamedia
=338  \\$avolume$bnc$2rdacarrier
=600  00$aAbū Ḥanīfah,$d-767 or 768.
=600  10$aKhaṭīb al-Baghdādī, Abū Bakr Aḥmad ibn ʻAlī,$d1002-1071.$tTārīkh Baghdād.
=600  07$aAbū Ḥanīfah,$d-767 or 768$2fast$0(OCoLC)fst01803236
=630  07$aTārīkh Baghdād (Khaṭīb al-Baghdādī, Abū Bakr Aḥmad ibn ʻAlī)$2fast$0(OCoLC)fst01356332
=776  08$iOnline version:$aMalik al-Muʻaẓẓam ʻĪsá Sharaf al-Dīn al-Ayyūbī, Sultan of Syria, 1180-1227.$sRadd ʻalá Abī Bakr al-Khaṭīb al-Baghdādī.$tKitāb al-radd ʻalá Abī Bakr al-Khaṭīb al-Baghdādī.$bal-Ṭabʻah 1.$d[Cairo] : Maṭbaʻat al-Saʻādah, 1932$w(OCoLC)654503477
=880  0\$6100-01/r$aمعظم،$cسلطان دمشق،,$d1180-1227.
=880  10$6240-02/r$aرد على ابي بكر الخطيب البغدادي
=880  10$6245-03/r$aكتاب الرد على ابي بكر الخطيب البغدادي :$bفيما ذكر في تاريخه في ترجمة الامام سراج الأمة ابي حنيفة النعمان بن ثابت /$cللسلطان الملك ابي المظفر عيسى ابن الملك العادل سيف الدين ابي بكر ايوب الحنفي. وجعل ملحقا للجزء الثالث عشر من تاريخ بغداد لورود ترجمة ابي حنيفة فيه.
=880  3\$6246-04/r$aسهم المصيب في كبد الخطيب
=880  \\$6250-05/r$aالطبعة 1.
=880  \\$6260-06/r$a[القاهرة] :$bمطبعة السعادة،$c1351.
=999  \\$iUaCaAUL_b14013769$o(OCoLC)ocm23915906$sauc_aco000438$e(ERROR-880)
=994  \\$aC0$bZYU

