=LDR  02132cam a2200373Ii 4500
=001  ocm61508477\
=003  OCoLC
=005  20190305074031.0
=008  910516s1927\\\\le\\\\\\\\\\\\000\0\arard
=040  \\$aLGG$beng$erda$cLGG$dOCLCF$dOCLCO$dOCLCQ$dOCLCO$dMEAUC$dOCL$dOCLCA
=035  \\$a(OCoLC)61508477
=043  \\$aa-le---
=050  \4$aDS80A5$bH3 1927
=049  \\$aZYUU
=100  1\$6880-01$aḤannā, Wadīʻ Niqūlā,$eauthor.
=245  10$6880-02$aQāmūs Lubnān :$byashtamilu ʻalá asmāʼ mudun wa-qurá Jumhūrīyat Lubnān murattaban bi-shakl qāmūs maʻa tafṣīl wāfin ʻan ʻadad sukkān kull wāḥidah minhā wa-li-aʼyyat mudīrīyah wa-muḥāfaẓah tatbaʻ maʻa waṣf maʻāhidihā wa-tijāratihā wa-ḥāṣilātihā wa-man ishtahara minhā rijālan wa-nisāʼan /$cjamaʻahu Wadīʻ Niqūlā Ḥannā.
=250  \\$6880-03$aal-Ṭabʻah al-ūlá.
=264  \1$6880-04$aBayrūt :$bMaṭbaʻat al-Salām,$c1927.
=300  \\$a8, 263 pages ;$c20 cm
=336  \\$atext$btxt$2rdacontent
=337  \\$aunmediated$bn$2rdamedia
=338  \\$avolume$bnc$2rdacarrier
=651  \0$aLebanon$vEncyclopedias.
=651  \0$aLebanon$xDescription and travel$vGazetteers.
=650  \7$aTravel.$2fast$0(OCoLC)fst01155558
=651  \7$aLebanon.$2fast$0(OCoLC)fst01206063
=655  \7$aEncyclopedias.$2fast$0(OCoLC)fst01423798
=655  \7$aGazetteers.$2fast$0(OCoLC)fst01423817
=880  1\$6100-01$a‏حنا، وديع نقولا.
=880  10$6245-02$aقاموس لبنان :$bيشتمل على اسماء مدن وقرى جمهورية لبنان مرتبا بشكل قاموس مع تفصيل واف عن عدد سكان كل واحدة منها ولأية مديرية ومحافظة تتبع مع وصف معاهدها وتجارتها وحاصلاتها ومن اشتهر منها رجالا ونساء /$cجمعه وديع نقولا حنا.
=880  \\$6250-03$aالطبعة الأولى.
=880  \1$6264-04$a‏بيروت :‏$b‏مطبعة السلام،‏$c‏1927.
=999  \\$iUaCaAUL_b13719452$o(OCoLC)ocm61508477$sauc_aco000514
=994  \\$aC0$bZYU

