=LDR  02050cam a2200445Ii 4500
=001  ocm41189763\
=003  OCoLC
=005  20190305074031.0
=008  990418s1937\\\\ua\a\\\\\b\\\\000\0\araod
=040  \\$aCGU$beng$erda$cCGU$dOCLCQ$dOCLCG$dOCLCQ$dSTF$dOCLCA$dOCLCQ$dOCLCO$dOCLCF$dOCL$dMEAUC
=035  \\$a(OCoLC)41189763
=043  \\$af-ua---
=050  \4$aDT107.4$b.R138 1937
=049  \\$aZYUU
=100  1\$6880-01$aRāfiʻī, ʻAbd al-Raḥmān,$eauthor.
=245  13$6880-02$aal-Thawrah al-ʻUrābīyah wa-al-iḥtilāl al-Injilīzī /$cbi-qalam ʻAbd al-Raḥmān al-Rāfiʻī Bik.
=250  \\$6880-03$aal-Ṭabʻah al-ūlá.
=264  \1$6880-04$aMiṣr :$bMaṭbaʻat al-Nahḍah,$c1937.
=300  \\$a583 pages :$billustrations ;$c23 cm.
=336  \\$atext$btxt$2rdacontent
=337  \\$aunmediated$bn$2rdamedia
=338  \\$avolume$bnc$2rdacarrier
=490  1\$6880-05$aSilsilat Tārīkh al-Ḥarakah al-Qawmīyah
=504  \\$aIncludes bibliographical references (pages 561-568).
=600  10$6880-06$aʻUrābī, Aḥmad,$d1840 or 1841-1911.
=651  \0$aEgypt$xHistory$yTawfīq, 1879-1892.
=600  17$aʻUrābī, Aḥmad,$d1840 or 1841-1911.$2fast$0(OCoLC)fst01855147
=651  \7$aEgypt.$2fast$0(OCoLC)fst01208755
=648  \7$a1879-1892$2fast
=655  \7$aHistory.$2fast$0(OCoLC)fst01411628
=830  \0$6880-07$aSilsilat Tārīkh al-Ḥarakah al-Qawmīyah.
=880  1\$6100-01/r$aرافعي، عبد الرحمن.
=880  12$6245-02/r$aالثورة العرابية والاحتلال الانجليزي /$cبقلم عبد الرحمن الرافعي بك.
=880  \\$6250-03/r$aالطبعة الأولى.
=880  \1$6264-04/r$aمصر :$bمطبعة النهضة،$c1937.
=880  1\$6490-05/r$aسلسلة تاريخ الحركة القومية
=880  10$6600-06/r$aعرابي، أحمد،$d1840 أو 1841-1911.
=880  \0$6830-07/r$aسلسلة تاريخ الحركة القومية.
=999  \\$iUaCaAUL_b12505870$o(OCoLC)ocm41189763$sauc_aco000358
=994  \\$aC0$bZYU

