=LDR  02113cam a2200361Ii 4500
=001  ocn122823094
=003  OCoLC
=005  20190305074031.0
=008  011113s1946\\\\ua\acf\\\\\\\\000\0bara\d
=040  \\$aUaCaAUL$beng$cMEAUC$dDOS$dOCLCQ$dMEAUC$dOCLCQ
=035  \\$a(OCoLC)122823094
=050  \4$aDT76.9.M3$bA3 1946
=049  \\$aZYUU
=100  1\$6880-01$aAbū Rūwāʻ, Muhammad Ibrāhīm.
=245  13$6880-02$aal-Shahīd Aḥmad Māhir :$bṣafaḥāt min kitāb al-majd wa-al-khulūd wa-āyāt min bayānāt al-shahīd al-ʻazīm wa-maqālātuh wa-khuṭabuh wa-ārāʼuh al-siyāsīyah wa-al-ijtimāʻīyah wa-mawāqifhu al-watanīyah /$ctaṣnīf Muḥammad Ibrāhīm Abū Rūwāʻ sikritīr wakīl Majlis al-Nuwwāb.
=250  \\$6880-03$aal-Ṭabʻah al-ūlá.
=264  \1$6880-04$aMiṣr :$bMuḥammad Ibrāhīm Abū Rūwāʻ,$c[1946]
=264  \3$6880-05$aMiṣr :$bMaṭbaʻat Karārah,$c[1946]
=300  \\$avolumes 1 (340 pages), 12 unnumbered leaves of plates :$billustrations, portraits ;$c24 cm
=336  \\$atext$btxt$2rdacontent
=337  \\$aunmediated$bn$2rdamedia
=338  \\$avolume$bnc$2rdacarrier
=500  \\$aDate of publication from page 340.
=600  10$6880-06$aMāhir, Aḥmad,$d1889-1945.
=600  14$aMāhir, Aḥmad,$d1889-1945.
=880  0\$6100-01/r$aابو رواع، محمد ابراهيم.
=880  12$6245-02/r$aالشهيد أحمد ماهر :$bصفحات من كتاب المجد والخلود وآيات من بيانات الشهيد العظيم ومقالاته وخطبه وآرائه السياسية والاجتماعية ومواقفه الوطنية /$cتصنيف محمد إبراهيم أبو رواع سكرتير وكيل مجلس النواب.
=880  \\$6250-03/r$aالطبعة الأولى.
=880  \1$6264-04/r$aمصر :$bمحمد إبراهيم أبو رواع،$c[1946]
=880  \3$6264-05/r$aمصر :$bمطبعة كراره،$c[1946]
=880  14$6600-06/r$aماهر، أحمد،$d1889-1945.
=999  \\$iUaCaAUL_b12733325$o(OCoLC)ocn122823094$sauc_aco000424:v.1
=994  \\$aC0$bZYU

