=LDR  02508cam a2200409Ii 4500
=001  ocm28290298\
=003  OCoLC
=005  20190305074031.0
=008  930617s1939\\\\ua\\\\\\\\\\\\000\0\arard
=040  \\$aWAU$beng$erda$cWAU$dOCLCG$dOCLCQ$dOCLCF$dOCLCQ$dOCLCO$dSFB$dOCLCA$dMEAUC$dOCLCA
=035  \\$a(OCoLC)28290298
=050  \4$aDS38$b.A76 1939
=050  \4$aDS36.8$b.A77 1939
=049  \\$aZYUU
=100  1\$6880-01$aArslān, Shakīb,$cAmīr,$d1869-1946.
=245  10$6880-02$aLi-mā-dhā taʼakhkhara al-Muslimūn wa-li-mā-dhā taqaddama ghayruhum? /$cmin qalam amīr al-bayān al-Amīr Shakīb Arslān raʼīs al-Majmaʻ al-ʻIlmī al-ʻArabī fī Sūrīyah ; ʻalayhi ḥawāshin min qalam faqīd al-Islām al-ʻallāmah al-sayyid Rashīd Riḍā.
=246  3\$aLi-mādhā taʼakhkhara al-Muslimūn wa-li-mādhā taqaddama ghayruhum?
=250  \\$6880-03$aal-Ṭabʻah al-thālithah.
=264  \1$6880-04$aMiṣr :$bMaṭbaʻat ʻĪsá al-Bābī al-Ḥalabī wa-shurakāh bi-Miṣr,$c1358 [1939 or 1940]
=300  \\$a168 pages ;$c24 cm
=336  \\$atext$btxt$2rdacontent
=337  \\$aunmediated$bn$2rdamedia
=338  \\$avolume$bnc$2rdacarrier
=500  \\$6880-05$a"Wa-qad uḍīfat ilayhi ziyādāt ʻalá hādhihi al-ṭabʻah al-thālithah min qalam al-muʼallif, wa-huwa jawāb iqtirāḥ kutiba li-majallat al-Manār khāṣṣatan sanat 1348."
=500  \\$6880-06$a"Ḥuqūq al-ṭabʻ maḥfūẓah lil-muʼallif."
=650  \0$aIslamic civilization.
=650  \7$aIslamic civilization.$2fast$0(OCoLC)fst01730294
=700  0\$6880-07$aMuḥammad Rashīd Riḍā.
=880  1\$6100-01$aأرسلان، شكيب،$cأمير,$d1869-1946.
=880  10$6245-02$aلماذا تأخر المسلمون ولماذا تقدم غيرهم /$cمن قلم شكيب أرسلان. عليه حواش من قلم رشيد رضا.
=880  \\$6250-03$aالطبعة الثالثة.
=880  \1$6264-04$aمصر :$bمطبعة عيسى البابي الحلبي وشركاه بمصر،$c1358 [1939 أو 1940]
=880  \\$6500-05$a"وقد اضيفت اليه زيادات على هذه الطبعة الثالثة من قلم المؤلف، وهو جواب اقتراح كتب لمجلة المنار خاصة سنة 1348."
=880  \\$6500-06$a"حقوق الطبع محفوظة للمؤلف."
=880  1\$6700-07$aمحمد رشيد رضا.
=999  \\$iUaCaAUL_b12654103$o(OCoLC)ocm28290298$sauc_aco000425$e(ERROR-880)
=994  \\$aC0$bZYU

