=LDR  01619cam a2200385Ii 4500
=001  ocn122796577
=003  OCoLC
=005  20190305074031.0
=008  010703s1931\\\\ua\\\\\\\\\\\\001\0\ara\d
=040  \\$aUaCaAUL$beng$erda$cMEAUC$dOCLCO$dOCLCQ$dMEAUC$dOCLCF$dOCLCA
=035  \\$a(OCoLC)122796577
=043  \\$af-ua---
=090  \\$aDT59.C2$bM27 1931
=049  \\$aZYUU
=110  2\$6880-01$aMatḥaf al-Miṣrī.
=245  10$6880-02$aMūjaz fī waṣf al-āthār al-hāmmah /$cal-Matḥaf al-Miṣrī.
=246  3\$6880-03$aWaṣf al-āthār al-hāmmah
=264  \1$6880-04$aal-Qāhirah :$bMaṭbaʻat al-Maʻhad al-ʻIlmī al-Faransī lil-Āthār al-Sharqīyah,$c1931.
=300  \\$a24, 246 pages, 2 unnumbered folded leaves of plates ;$c21 cm
=336  \\$atext$btxt$2rdacontent
=337  \\$aunmediated$bn$2rdamedia
=338  \\$avolume$bnc$2rdacarrier
=500  \\$aIncludes index.
=610  20$6880-05$aMatḥaf al-Miṣrī.
=610  27$aMatḥaf al-Miṣrī$2fast$0(OCoLC)fst00514970
=651  \0$aEgypt$xAntiquities.
=650  \7$aAntiquities.$2fast$0(OCoLC)fst00810745
=651  \7$aEgypt.$2fast$0(OCoLC)fst01208755
=880  2\$6110-01$aمتحف المصرى.
=880  10$6245-02$aموجز فى وصف الآثار الهامة /$cالمتحف المصرى.
=880  3\$6246-03$aوصف الآثار الهامة
=880  \1$6264-04$aالقاهرة :$bمطبعة المعهد العلمى الفرنسى للآثار الشرقية،$c1931.
=880  10$6610-05$aمتحف المصرى.
=999  \\$iUaCaAUL_b12686256$o(OCoLC)ocn122796577$sauc_aco000489
=994  \\$aC0$bZYU

