=LDR  01862cam a2200361Ii 4500
=001  ocm41100088\
=003  OCoLC
=005  20190305074031.0
=008  990404s1939\\\\ua\bf\\\\b\\\\000\0\araod
=040  \\$aCGU$beng$erda$cCGU$dOCLCQ$dOCLCF$dOCLCQ$dOCLCO$dMEAUC$dUKMGB
=016  7\$a016578054$2Uk
=029  1\$aAU@$b000014056391
=029  1\$aUKMGB$b016578054
=035  \\$a(OCoLC)41100088
=050  \4$aDS51.K7$bK8 1939
=049  \\$aZYUU
=100  1\$6880-01$aGūrānī, ʻAlī Saydū,$d1908-
=245  10$6880-02$aMin ʻAmmān ilá al-ʻImādīyah, aw, Jawlah fī Kurdistān al-janūbīyah /$ctaʼlīf al-ustādh ʻAlī Saydū al-Kūrānī skirtīr al-Majlis al-Tashrīʻī al-Urdunī, ʻUmān.
=264  \1$6880-03$aMiṣr :$bMaṭbaʻat al-Saʻādah bi-jiwār Muḥāfaẓat Miṣr,$c1939.
=300  \\$a5, 272 pages, 13 unnumbered leaves of plates (1 folded) :$bfolded color map ;$c23 cm
=336  \\$atext$btxt$2rdacontent
=337  \\$aunmediated$bn$2rdamedia
=338  \\$avolume$bnc$2rdacarrier
=504  \\$aIncludes bibliographical references (pages 4-5 (1st group) ).
=520  \\$aAn account of a journey through south Kurdistan. With photographs and a map.
=651  \0$aKurdistan$xDescription and travel.
=650  \7$aTravel.$2fast$0(OCoLC)fst01155558
=651  \7$aMiddle East$zKurdistan.$2fast$0(OCoLC)fst01245586
=880  1\$6100-01$aگوراني، علي سيدو،$d1908-
=880  10$6245-02$aمن عمان الى العمادية، أو، جولة في كردستان الجنوبية /$cتأليف الاستاذ علي سيدو الكوراني سكرتير المجلس التشريعي الأردني، عمان.
=880  \1$6264-03$aمصر :$bمطبعة السعادة بجوار محافظة مصر،$c1939.
=999  \\$iUaCaAUL_b1297691x$o(OCoLC)ocm41100088$sauc_aco000460
=994  \\$aC0$bZYU

