=LDR  01568cam a2200313Ii 4500
=001  ocm04888556\
=003  OCoLC
=005  20190305074031.0
=008  790423s1924\\\\ua\c\\\\\b\\\\000\0barard
=040  \\$aCLU$beng$cCLU$dOCLCG$dHLS$dOCLCQ$dOCLCF$dOCLCA$dOCL$dMEAUC
=035  \\$a(OCoLC)4888556
=050  \4$aDT324.3.A13$bM29 1924
=049  \\$aZYUU
=100  1\$6880-01$aMalḥas, Rushdī al-Ṣāliḥ,$eauthor. 
=245  10$6880-02$aSīrat al-amīr Muḥammad ibn ʻAbd al-Karīm al-Khaṭṭābī :$bbaṭal al-Rīf wa-raʼīs jumhūrīyatihā /$ctaʼlīf Rushdī al-Ṣāliḥ Malḥas.
=264  \1$6880-03$aal-Qāhirah :$bʻUniyat bi-Nashrihi al-Maṭbaʻah al-Salafīyah wa-Maktabatuhā,$c1343 [1924]
=300  \\$a92 pages :$bportraits ;$c24 cm
=336  \\$atext$btxt$2rdacontent
=337  \\$aunmediated$bn$2rdamedia
=338  \\$avolume$bnc$2rdacarrier
=504  \\$aIncludes bibliographical references.
=600  00$6880-04$aAbd el-Krim,$d1882-1963.
=600  07$aAbd el-Krim,$d1882-1963.$2fast$0(OCoLC)fst00018315
=880  1\$6100-01/r$aملحس، رشدي الصالح.
=880  10$6245-02/r$aسيرة الأمير محمد بن عبد الكريم الخطابي :$bبطل الريف ورئيس جمهوريتها /$cتأليف رشدي الصالح ملحس.
=880  \1$6264-03/r$aالقاهرة :$bعنيت بنشره المطبعة السلفية ومكتبتها،$c1343 [1924]
=880  04$6600-04/r$aعبد الكريم،,$d1883?-1963.
=999  \\$iUaCaAUL_b12539788$o(OCoLC)ocm04888556$sauc_aco000526
=994  \\$aC0$bZYU

