=LDR  01635cam a2200337 a 4500
=001  ocm28271626\
=003  OCoLC
=005  20190305074031.0
=008  930614s1951\\\\ua\\\\\\\\\\\f000\0\ararc
=040  \\$aOSU$beng$cOSU$dOCLCQ$dIXA$dOCLCF$dOCLCA$dOCLCQ$dOCL
=035  \\$a(OCoLC)28271626
=042  \\$apcc
=043  \\$af-ua---$ae-uk---
=050  \4$aDT82.5.G7$bM28 1951
=049  \\$aZYUU
=245  00$6880-01$aMaḥāḍir al-muḥādathāt al-siyāsīyah wa-al-mudhakkirāt al-mutabādalah bayna al-ḥukūmah al-Miṣrīyah wa-ḥukūmat al-Mamlakah al-Mutaḥḥidah :$bMārs 1950-Nūfimbir 1951.
=260  \\$6880-02$aal-Qāhirah :$bWizārat al-Khārijīyah al-Malikīyah,$c1951.
=300  \\$a282 pages ;$c24 cm
=336  \\$atext$btxt$2rdacontent
=337  \\$aunmediated$bn$2rdamedia
=338  \\$avolume$bnc$2rdacarrier
=651  \0$aEgypt$xForeign relations$zGreat Britain$vSources.
=651  \0$aGreat Britain$xForeign relations$zEgypt$vSources.
=650  \7$aDiplomatic relations.$2fast$0(OCoLC)fst01907412
=651  \7$aEgypt.$2fast$0(OCoLC)fst01208755
=651  \7$aGreat Britain.$2fast$0(OCoLC)fst01204623
=655  \7$aSources.$2fast$0(OCoLC)fst01423900
=880  00$6245-01/r$a‏محاضر المحادثات السياسية والمذكرات المتبادلة بين الحكومة المصرية وحكومة المملكة المتحدة :‏$b‏مارس 1950-نوفمبر1951.
=880  \\$6260-02/r$a‏القاهرة :‏$b‏وزارة الخارجية الملكية،‏$c‏1951.
=999  \\$iUaCaAUL_b13693918$o(OCoLC)ocm28271626$sauc_aco000561$e(ERROR-880)
=994  \\$aC0$bZYU

