=LDR  02015cam a2200481Ii 4500
=001  ocm60498742\
=003  OCoLC
=005  20190305074031.0
=008  020129nuuuuuuuuua\\\\\\\b\\\\000\0bara\d
=040  \\$aMEAUC$beng$cMEAUC$dOCLCF$dOCLCO$dOCLCQ$erda$dMEAUC
=035  \\$a(OCoLC)60498742
=043  \\$aaw-----$aff-----
=090  \\$aDS38.4.A55$bS84 
=049  \\$aZYUU
=100  1\$6880-01$aṢubayḥ, Muḥammad.
=245  10$6880-02$aʻAmr ibn al-ʻĀṣ /$cMuḥammad Ṣubayḥ.
=264  \1$6880-03$aal-Qāhirah :$bDār al-Thaqāfah al-ʻĀmmah,$c[date of publication not identfied]
=300  \\$a153 pages ;$c16 cm
=336  \\$atext$btxt$2rdacontent
=337  \\$aunmediated$bn$2rdamedia
=338  \\$avolume$bnc$2rdacarrier
=490  1\$6880-04$aSilsilat qādat al-Islām ;$v11
=490  1\$6880-05$aKitāb al-shahr 1357/1937.
=504  \\$aIncludes bibliographical references.
=600  00$6880-06$aʻAmr ibn al-ʻĀṣ.
=651  \0$aIslamic Empire$vBiography.
=650  \0$aSoldiers$zIslamic Empire$vBiography.
=600  07$aʻAmr ibn al-ʻĀṣ.$2fast$0(OCoLC)fst00105969
=650  \7$aSoldiers.$2fast$0(OCoLC)fst01125233
=651  \7$aIslamic Empire.$2fast$0(OCoLC)fst01244134
=655  \7$aBiography.$2fast$0(OCoLC)fst01423686
=830  \0$6880-07$aSilsilat qādat al-Islām ;$v11.
=830  \0$6880-08$aKitāb al-shahr 1357/1937.
=880  1\$6100-01/r$aصبيح، محمد.
=880  10$6245-02/r$aعمرو بن العاص /$cمحمد صبيح.
=880  \1$6264-03/r$aالقاهرة :$bدار الثقافة العامة،$c[date of publication not identfied]
=880  1\$6490-04/r$aسلسلة قادة الإسلام ؛$v11
=880  1\$6490-05/r$aكتاب الشهر 1357/1937.
=880  00$6600-06/r$aعمرو بن العاص.
=880  \0$6830-07/r$aسلسلة قادة الاسلام ؛$v11.
=880  \0$6830-08/r$aكتاب الشهر 1357/1937.
=999  \\$iUaCaAUL_b23792541$o(OCoLC)ocm60498742$sauc_aco000420$e(ERROR-SERIES)
=994  \\$aC0$bZYU

