=LDR  01313cam a2200313Ii 4500
=001  ocm60509943\
=003  OCoLC
=005  20190305074031.0
=008  031016s1927\\\\ua\\\\\\\\\\\\000\0\ara\d
=040  \\$aMEAUC$beng$erda$cMEAUC$dOCLCF$dOCLCO$dOCLCQ$dMEAUC
=035  \\$a(OCoLC)60509943
=090  \\$aBJ1582$b.R612 1927
=049  \\$aZYUU
=100  1\$aRhodes, Sylvian.
=245  10$6880-01$aMaʻārij al-falāḥ :$bkitāb ʻaṣrī /$c[Sīlfān Rūdīs] ; abrazahu ilá al-lughah al-ʻarabīyah Muḥammd Masʻūd.
=264  \1$6880-02$aal-Qāhirah :$b[publisher not identified],$c1927.
=300  \\$a261 pages ;$c25 cm
=336  \\$atext$btxt$2rdacontent
=337  \\$aunmediated$bn$2rdamedia
=338  \\$avolume$bnc$2rdacarrier
=500  \\$aincludes errarta pages.
=650  \0$aConduct of life.
=650  \7$aConduct of life.$2fast$0(OCoLC)fst00874563
=700  1\$6880-03$aMasʻūd, Muḥammad,$etranslator.
=880  10$6245-01$aمعارج الفلاح :$bكتاب عصري /$cسيلفان روديس ؛ أبرزه إلى اللغة العربية محمد مسعود.
=880  \1$6264-02$aالقاهرة :$b[publisher not identified]،$c1927.
=880  1\$6700-03$aمسعود، محمد.
=999  \\$iUaCaAUL_b13024863$o(OCoLC)ocm60509943$sauc_aco000470$e(ERROR-880)
=994  \\$aC0$bZYU

