=LDR  02691cam a2200469Ii 4500
=001  ocm21577322\
=003  OCoLC
=005  20190305074031.0
=008  900523s1955\\\\ua\bch\\\b\\\\000\0\arar\
=010  \\$ane 67000303 
=040  \\$aDLC$beng$cWAU$dOCLCQ$dBUF$dIUL$dGZM$dSTF$dOCLCO$dOCLCF$dOCLCQ$dDHA$dOCLCQ$dMEAUC
=019  \\$a820579552
=035  \\$a(OCoLC)21577322$z(OCoLC)820579552
=041  0\$aara$beng
=043  \\$af-sj---
=050  04$aDT108$b.A486 1955
=082  0\$a962.4$222
=049  \\$aZYUU
=100  1\$6880-01$aʻAbd al-Jalīl, al-Shāṭir Buṣaylī,$eauthor. 
=245  10$6880-02$aMaʻālim tārīkh Sūdān Wādī al-Nīl :$bmin al-qarn al-ʻāshir ilá al-qarn al-tāsiʻ ʻashar al-Mīlādī /$cbi-qalam al-Shāṭir Buṣaylī ʻAbd al-Jalīl, amīn Maktabat Maʻhad al-Dirāsāt al-Sūdānīyah, Kullīyat al-Ādāb - Jāmiʻat al-Qāhirah (sābiqan bi-khidmat Idārat al-Sūdān) = Outline history of the Nile Valley Sudan / by Chater Bosayley A. Galil.
=246  15$aOutline history of the Nile Valley Sudan
=250  \\$6880-03$aal-Ṭabʻah al-ūlá.
=264  \1$6880-04$aal-Qāhirah :$bMaṭabaʻat Abū Fāḍil,$c1955.
=300  \\$a19, 308, xi pages :$bfacsimiles, maps, portraits ;$c24 cm.
=336  \\$atext$btxt$2rdacontent
=337  \\$aunmediated$bn$2rdamedia
=338  \\$avolume$bnc$2rdacarrier
=500  \\$6880-05$aAt head of title page: Dirāsāt tārīkhīyah Sūdānīyah.
=500  \\$aIncludes introduction in English.
=504  \\$aIncludes bibliographical references (pages 295-308).
=651  \0$aSudan$xHistory.
=651  \0$aNile River Valley$xHistory.
=651  \7$aNile River Valley.$2fast$0(OCoLC)fst01274166
=651  \7$aSudan.$2fast$0(OCoLC)fst01204591
=655  \7$aHistory.$2fast$0(OCoLC)fst01411628
=880  1\$6100-01/r$aعبد الجليل، الشاطر بصيلي.
=880  10$6245-02/r$aمعالم تاريخ سودان وادي النيل :$bمن القرن العاشر إلى القرن التاسع عشر الميلادي /$cبقلم الشاطر بصيلي عبد الجليل، أمين مكتبة معهد الدراسات السودانية، كلية الآداب - جامعة القاهرة (سابقا بخدمة إدارة السودان) = Outline history of the Nile Valley Sudan / by Chater Bosayley A. Galil.
=880  \\$6250-03/r$aالطبعة الأولى.
=880  \1$6264-04/r$aالقاهرة :$bمطبعة أبو فاضل،$c1955.
=880  \\$6500-05/r$aAt head of title page: دراسات تاريخية سودانية.
=999  \\$iUaCaAUL_b1290692x$o(OCoLC)ocm21577322$sauc_aco000550$e(ERROR-880)
=994  \\$aC0$bZYU

