=LDR  01850cam a2200361Mi 4500
=001  ocm60498620\
=003  OCoLC
=005  20190305074031.0
=008  010924s1930\\\\ua\\\\\\\\\\\\000\0\ara\d
=040  \\$aMEAUC$beng$erda$cMEAUC$dOCLCG$dLGG$dOCLCQ$dOCLCF$dOCLCO$dOCLCQ$dOCLCA$dMEAUC
=035  \\$a(OCoLC)60498620
=050  \4$aDS38$b.A76 1930
=050  \4$aDS36.8$b.A77
=049  \\$aZYUU
=100  1\$6880-01$aArslān, Shakīb,$cAmīr,$d1869-1946.
=245  10$6880-02$aLi-mā-dhā taʼakhkhara al-Muslimūn wa-li-mā-dhā taqaddama ghayruhum? /$cmin qalam amīr al-bayān al-Amīr Shakīb Arslān.
=246  3\$aLi-mādhā taʼakhkhara al-Muslimūn wa-li-mādhā taqaddama ghayruhum?
=250  \\$6880-03$aal-Ṭabʻah al-ūlá.
=264  \1$6880-04$aMiṣr :$bMaṭbaʻat al-Manār bi-Miṣr,$c1349 [1930]
=300  \\$a103 pages ;$c20 cm
=336  \\$atext$btxt$2rdacontent
=337  \\$aunmediated$bn$2rdamedia
=338  \\$avolume$bnc$2rdacarrier
=500  \\$6880-05$a"Wa-huwa jawāb iqtirāḥ kutiba li-majllat al-manār khāṣṣatan, wa-ḥuqūq al-ṭabʻ maḥfūẓah li-idāratihā."
=650  \0$aIslamic civilization.
=650  \7$aIslamic civilization.$2fast$0(OCoLC)fst01730294
=880  1\$6100-01$aأرسلان، شكيب،$cأمير،$c1869-1946.
=880  10$6245-02$aلماذا تأخر المسلون ولماذا تقدم غيرهم؟ /$cمن قلم أمير البيان الامير شكيب ارسلان.
=880  \\$6250-03$aالطبعة الأولى.
=880  \1$6264-04$aمصر :$bمطبعة المنار بمصر،$c1349 [1930]
=880  \\$6500-05$a"وهو جواب اقتراح كتب لمجلة المنار خاصة، وحقوق الطبع محفوظة لادارتها."
=999  \\$iUaCaAUL_b12706188$o(OCoLC)ocm60498620$sauc_aco000503$e(ERROR-880)
=994  \\$aC0$bZYU

