=LDR  06404cam a2200541Ii 4500
=001  ocm60509944\
=003  OCoLC
=005  20190305074031.0
=008  031016s1930\\\\ua\\\\\\\\\\\\000\0\araod
=040  \\$aMEAUC$beng$erda$cMEAUC$dOCLCG$dPUL$dGZM$dOCLCQ$dOCLCO$dOCLCF$dOCLCO$dMEAUC$dOCLCO$dMEAUC$dOCLCO$dOCLCA
=035  \\$a(OCoLC)60509944
=050  \4$aBC66.A7$bK3 1930
=049  \\$aZYUU
=100  0\$6880-01$aGelenbevî İsmail Efendi,$d1730-1790,$eauthor.
=245  10$6880-02$aKitāb al-burhān /$cli-afḍal al-mutaʼakhirīn, ʻallāmat al-ʻaṣr, wa-farīd al-dahr al-Shaykh Ismāʻīl ibn Muṣṭafá al-maʻrūf bi-Shaykh Zādah al-Kalanbawī al-mutawaffá sanat 1205, Wa-yalīhi ḥawāshīhi ʻalayhi (yaʻnī munhawātih), wa-yalīhi ayḍan ḥāshiyat al-ʻallāmah al-muḥaqqiq Mullā ʻAbd al-Raḥmān al-Panjayūnī, wa-ḥāshiyat al-faḍil al-mudaqqiq al-mashhūr bi-Ibn al-Qarah Dāghī, kilāhumā min mashāhīr muḥaqqiqī ʻulamāʼ al-Akrād ; qad waqafa ʻalá taṣḥīḥ hadhihi al-majmūʻah ḥaḍrat al-ʻallāmah al-muḥaqqiq al-Shaykh Maḥmūd al-Imām al-Manṣūrī min kibār al-ʻulamāʼ al-mudarrisīn bi-al-Azhar al-Sharīf.
=246  30$6880-03$aBurhān
=264  \1$6880-04$a[al-Qāhirah] :$bFaraj Allāh Zakī al-Kurdī,$c[1349 H., 1930 M].
=264  \3$6880-05$a[al-Qāhirah], Miṣr :$bMaṭbaʻat al-Saʻādah bi-jiwār muḥāfaẓat Miṣr.
=300  \\$a416 pages ;$c23 cm
=336  \\$atext$btxt$2rdacontent
=337  \\$aunmediated$bn$2rdamedia
=338  \\$avolume$bnc$2rdacarrier
=500  \\$6880-06$aTanbīh: Waḍaʻnā al-burhān fī ṣadr al-ṣulb, wa-baʻdahu ḥawāshī al-muṣannaf, wa-baʻdahā ḥāshiyat al-Banjiyūnī, wa-baʻdahā ayḍan ḥāshiyat Ibn al-Qarah Dāghī, wa-faṣalanā al-kull bi-jadāwil maʻa murāʻāt muwāfaqat al-mabāḥith fī al-jamīʻ fa-li-yaʻlam.
=500  \\$6880-07$aḤuqūq al-ṭabʻ maḥfūẓah li-nāshirihi wa-mubāshir ṭabʻihi wa-taṣḥīḥihi (Faraj Allāh Zakī al-Kurdī).
=500  \\$6880-08$aYuṭlabu hādhā al-kitāb maʻa shurūḥ al-talkhīṣ, wa-sharḥ al-musāyarah li-Ibn al-Humām wa-ḥawāshī al-ʻaqāʼid al-nasfīyah wa-farāʼid al-laʼālī min rasāʼl al-Ghazālī wa-sharḥ al-maḍmūn bihi ʻalá ghayr ahlihi wa-āfāt al-ijtimāʻ wa-ghayrihā min multazim ṭabʻihā Faraj Allāh Zakī al-Kurdī bi-būstit al-Azhar bi-Miṣr, wa-yuṭlabu ayḍan maʻa al-kutub al-madhkūrah fī al-ʻIrāq al-ʻArabī min al-fāḍil (Mullā ʻAbd al-Raḥīm al-Maryawānī) bi-Jāmiʻ Hamzat Aghā bi-Sulaymān.
=500  \\$6880-09$aḤuqūq iʻādat ṭabʻ hādhā al-kitāb maḥfūẓah li-nāshirihi (Faraj Allāh Zakī) bi-mūjab khaṭṭ al-mūʼllif al-madhkūrah adnāh "laqad aʻṭayt ḥuqūq iʻādat ṭabʻ ḥāshiyatā hādhihi ʻalá al-burhān li-nāshirihi al-Shaykh Faraj Allāh Zakī al-Kurdī" Ibn al-qarah Dāghī,.27 Dhū al-Ḥijjah sanat 1347.
=500  \\$aDate from conclusion.
=500  \\$aTitle page has publisher's stamp.
=650  \0$aLogic$vEarly works to 1800.
=650  \7$aLogic.$2fast$0(OCoLC)fst01002014
=655  \7$aEarly works.$2fast$0(OCoLC)fst01411636
=700  1\$6880-10$aPanjayūnī, Mullā ʻAbd al-Raḥmān.
=700  0\$6880-11$aIbn al-Qarah Dāghī.
=700  1\$6880-12$aManṣūrī, Maḥmūd al-Imām.
=880  1\$6100-01$aكلنبوي، إسماعيل بن مصطفى،$d1790 أو 1791،$eauthor.
=880  10$6245-02$aكتاب البرهان /$cلافضل المتأخرين، علامة العصر، وفريد الدهر الشيخ اسماعيل بن مصطفى المعروف بشيخ زادة الكلنبوي المتوفى سنة 1205، ويليه حواشيه عليه (يعني منهواته)، ويليه ايضن حاشية العلامة المحقق ملا عبد الرحمن الپنجيوني، وحاشية الفضل المدقق المشهور بابن القرة داغي، كلاهما من مشاهير محققي علماء الاكراد ؛ قد وقف على تصحيح هذه المجموعة حضرة العلامة المحقق الشيخ محمود الامام المنصوري من كبار العلماء المدرسين بالأزهر الشريف.
=880  30$6246-03$aبرهان
=880  \1$6264-04$a[القاهرة] :$bفرج الله زكي الكردي،$c[1349 ه.، 1930 م].
=880  \3$6264-05$a[القاهرة]، مصر :$bمطبعة السعادة بجوار محافظة مصر.
=880  \\$6500-06$aتنبيه: وضعنا البرهان في صدر الصلب، وبعده حواشي المصنف، وبعدها حاشية البنجيوني، وبعدها ايضا حاشية ابن القرة داغي، وفصلنا الكل بجداول مع مراعات موافقة المباحث في الجميع فليعلم.
=880  \\$6500-07$aحقوق الطبع محفوظة لناشره ومباشر طبعه وتصحيحه (فرج الله زكي الكردي).
=880  \\$6500-08$aيطلب هذا الكتاب مع شروح التلخيص، وشرح المسايرة لابن الهمام وحواشي العقائد النسفية وفرائد اللآلي من رسائل الغزالي وشرح المضمون به على غير اهل وآفات الاجتماع وغيرها من ملتزم طبعها فرج الله زكي الكردي ببوستة الازهر بمصر، ويطلب ايضا مع الكتب المذكورة في العراق العربي من الفاضل (ملا عبد الرحيم المريوانى) بجامع همزة اغا بسليمان.
=880  \\$6500-09$aحقوق اعادة طبع هذا الكتاب محفوظة لناشره (فرج الله زكي) بموجب خط المؤلف المذكورة ادناه "لقد اعطيت حقوق اعادة طبع حاشيتا هذه على البرهان لناشره الشيخ فرج الله زكي الكردي" ابن القرة داغي،.27 ذو الحجة سنة 1347.
=880  1\$6700-10$aپنجيوني، ملا عبد الرحمن.
=880  0\$6700-11$aابن القره داغي.
=880  1\$6700-12$aمنصوري، محمود الامام.
=999  \\$iUaCaAUL_b13024899$o(OCoLC)ocm60509944$sauc_aco000501
=994  \\$aC0$bZYU

