=LDR  01288cam a2200313Ii 4500
=001  ocn318937709
=003  OCoLC
=005  20190305074031.0
=008  980915s1954\\\\ua\\\\\\\\\\\\000\0\ara\d
=010  \\$ane 65001258 
=040  \\$aMEAUC$beng$erda$cMEAUC$dOCLCF$dOCLCO$dOCLCQ$dMEAUC
=035  \\$a(OCoLC)318937709
=050  04$aBP172$b.H8 1954
=049  \\$aZYUU
=100  1\$6880-01$aḤusayn, Muḥammad Kāmil,$d1901-1977,$eauthor.
=245  10$6880-02$aQaryah ẓālimah /$cal-Duktūr Muḥammad Kāmil Ḥusayn.
=264  \1$6880-03$a[Cairo] :$bMaṭbaʻat Miṣr Sharikat musāhamah Miṣrīyah ,$c1954
=300  \\$a234 pages ;$c19 cm
=336  \\$atext$btxt$2rdacontent
=337  \\$aunmediated$bn$2rdamedia
=338  \\$avolume$bnc$2rdacarrier
=600  00$aJesus Christ$xIslamic interpretations.
=600  07$aJesus Christ.$2fast$0(OCoLC)fst00040116
=650  \7$aIslamic interpretations of Jesus Christ.$2fast$0(OCoLC)fst01353430
=880  1\$6100-01/r$aحسين، محمد كامل،$d1901-1977.
=880  10$6245-02/r$aقرية ظالمة /$cالدكتور محمد كامل حسين.
=880  \1$6264-03/r$a[Cairo] :$bمطبعة مصر شركة مساهمة مصرية،$c1954
=999  \\$iUaCaAUL_b12090839$o(OCoLC)ocn318937709$sauc_aco000270
=994  \\$aC0$bZYU

