=LDR  01724cam a2200373Ii 4500
=001  ocm41189767\
=003  OCoLC
=005  20190305074031.0
=008  990418s1939\\\\ua\c\\\\\\\\\\000\0\araod
=040  \\$aCGU$beng$cCGU$dOCLCQ$dIUL$dOCLCF$dOCLCA$dOCLCQ$dOCL$dMEAUC
=035  \\$a(OCoLC)41189767
=043  \\$af-ua---
=090  \\$aDT107.8$b.A9 1939
=049  \\$aZYUU
=100  1\$6880-01$aʻAzmī, Maḥmūd.
=245  13$6880-02$aal-Ayyām al-miʼah :$bʻalá hāmish al-tārīkh al-Miṣrī al-ḥadīth : ʻahd wizārat ʻAlī Māhir Bāshā, 30 Yanāyir-9 Māyū 1936 /$cMaḥmūd ʻAzmī.
=264  \1$6880-03$a[Cairo] :$bMaktabat al-Nahḍah al-Miṣrīyah,$c[1939]
=264  \3$6880-04$aal-Qāhirah :$bMaṭbaʻat Ḥijāzī.
=300  \\$a8, 131 pages :$bportrait ;$c20 cm
=336  \\$atext$btxt$2rdacontent
=337  \\$aunmediated$bn$2rdamedia
=338  \\$avolume$bnc$2rdacarrier
=651  \0$aEgypt$xPolitics and government$y1919-1952.
=650  \7$aPolitics and government$2fast$0(OCoLC)fst01919741
=651  \7$aEgypt.$2fast$0(OCoLC)fst01208755
=648  \7$a1919-1952$2fast
=700  1\$6880-05$aMāhir, ʻAlī,$d1881-1960.
=880  1\$6100-01/r$aعزمي، محمود.
=880  12$6245-02/r$aالأيام المئة :$bعلى هامش التاريخ المصري الحديث : عهد وزارة علي ماهر باشا، 30 يناير9 مايو 1936 /$cمحمود عزمي.
=880  \1$6264-03/r$a[Cairo] :$bمكتبة النهضة المصرية،$c[1939]
=880  \3$6264-04/r$aالقاهرة :$bمطبعة حجازي.
=880  1\$6700-05/r$aماهر، علي،$d1881-1960.
=999  \\$iUaCaAUL_b12753579$o(OCoLC)ocm41189767$sauc_aco000504
=994  \\$aC0$bZYU

