=LDR  02024cam a2200385Ii 4500
=001  ocm44092918\
=003  OCoLC
=005  20190305074031.0
=008  000522s1932\\\\ua\a\\\\\b\\\\000\0\arard
=040  \\$aIUL$beng$erda$cIUL$dOCLCG$dOCLCF$dOCLCQ$dOCLCO$dOCL$dMEAUC
=035  \\$a(OCoLC)44092918
=043  \\$af-ua---
=050  \4$aDT103$b.G427 1932
=049  \\$aZYUU
=100  1\$6880-01$aGhurbāl, Muḥammad Shafīq,$d1894-1961,$eauthor.
=245  13$6880-02$aal-Jinirāl Yaʻqūb wa-al-fāris Lāskārīs wa-mashrūʻ istiqlāl Miṣr fī sanat 1801 /$ctaʼlīf Shafīq Ghurbāl, ustādh al-tārīkh al--ḥadīth al-musāʻid bi-Kullīyat al-Ādāb.
=264  \1$6880-03$aMiṣr :$bMaṭbaʻat al-Maʻārif,$c1932.
=300  \\$a51 pages :$billustrations ;$c24 cm
=336  \\$atext$btxt$2rdacontent
=337  \\$aunmediated$bn$2rdamedia
=338  \\$avolume$bnc$2rdacarrier
=500  \\$aIncludes Errata page.
=504  \\$aIncludes bibliographical references.
=600  10$aLascaris, Paul Louuis,$d1774-1815.
=651  \0$aEgypt$xHistory$yFrench occupation, 1798-1801.
=611  27$aFrench Occupation of Egypt (1798-1801)$2fast$0(OCoLC)fst01353130
=651  \7$aEgypt.$2fast$0(OCoLC)fst01208755
=648  \7$a1798-1801$2fast
=655  \7$aHistory.$2fast$0(OCoLC)fst01411628
=776  08$iOnline version:$aGhurbāl, Muḥammad Shafīq, 1894-1961.$tJinirāl Yaʻqūb wa-al-fāris Lāskārīs wa-mashrūʻ istiqlāl Miṣr fī sanat 1801.$dMiṣr : Maṭbaʻat al-Maʻārif, 1932$w(OCoLC)891404300
=880  1\$6100-01/r$aغربال، محمد شفيق،$d1894-1961.
=880  12$6245-02/r$aالجنرال يعقوب والفارس لاسكاريس ومشروع استقلال مصر في سنة 1801 /$cتأليف شفيق غربال، أستاذ التاريخ الحديث المساعد بكلية الآداب.
=880  \1$6264-03/r$aمصر :$bمطبعة المعارف،$c1932.
=999  \\$iUaCaAUL_b12680230$o(OCoLC)ocm44092918$sauc_aco000435
=994  \\$aC0$bZYU

